@Misc{google-scholar-query,
  key =          {Google Scholar},
  year =         2014,
  author =       "{Google Scholar}",
  title =        {Citations of {G}oldszmidt and {P}earl~\protect\shortcite{Goldszmidt:96}},
  note =         {\url{http://scholar.google.com/scholar?cites=11462195722076826989&as_sdt=5,24&sciodt=0,24&hl=en}}
}

@Misc{wiki:ids,
  key =          {Wikipedia},
  year =         2014, month = aug,
  author =       "{Wikipedia}",
  title =        {Intrusion Detection Systems},
  note =         {\url{http://en.wikipedia.org/wiki/Intrusion_detection_system}}
}

@inproceedings{stratus:saso12,
  author = {Mark Burstein and Robert P. Goldman and Paul Robertson and Robert Laddaga and Robert Balzer and Neil Goldman and Christopher Geib and Ugur Kuter and David McDonald and John Maraist and Peter Keller and David Wile},
  title = "{STRATUS}: Strategic and Tactical Resiliency Against Threats to Ubiquitous Systems",
  booktitle = "Proceedings of the Adaptive Host and Network Security Workshop",
  year = 2012, month = sep
}

