@string{AAAI-86 = "Proceedings of the Fifth National Conference on Artificial Intelligence"}

@string{ACL-85	= "Proceedings of the 23rd Annual Meeting of the ACL"}

@string{AIJ = "Artificial Intelligence"}

@string{cogsci = "Cognitive Science"}

@string{ijcai-87 = "1987 Proceedings of the IJCAI"}

@string{KAUFMANN = "Morgan Kaufmann Publishers, Inc."}

@string{kaufmann-address = "San Mateo, California"}

@article(Allen:84,
     author =    {James F. Allen},
     title =     "Towards a General Theory of Action and Time",
     journal =   {Artificial Intelligence},
     year =      {1984},
     volume =    {23},
     pages =     {123--154}
     )

@book(Bratman:87,
     title =     "Intention, Plans, and Practical Reason",
     author =    {Michael E. Bratman},
     publisher = {Harvard University Press},
     address =   {Cambridge},
     year =      {1987}
     )

@incollection(Bratman:90,
     author =    {Michael E. Bratman},
     title =     "Intention",
     booktitle = {Intentions in Communication},
     publisher = {MIT Press},
     year =      {1990},
     editor =    {Philip R. Cohen and Jerry Morgan and Martha E. Pollack},
     pages =     {12--32}
     )

@article(Cohen:90a,
     	author =  {Philip R. Cohen and Hector J. Levesque},
     	title =   "Intention is Choice with Committment",
     	journal = AIJ,
     	year =    {1990},
     	volume =  {42},
     	pages =   {213-261}
	)

@incollection(Cohen:90,
     author =    {Philip R. Cohen and Hector J. Levesque},
     title =     "Persistence, Intention, and Commitment",
     booktitle = {Intentions in Communication},
     publisher = {MIT Press},
     year =      {1990},
     editor =    {Philip R. Cohen and Jerry Morgan and Martha E. Pollack},
     pages =     {33--69}
     )

@book(Davis:90,
     title =     "Representations of Commonsense Knowledge",
     author =    {Ernest Davis},
     publisher = KAUFMANN,
     year =      {1990},
     address =   {San Mateo, California}
     )

@ARTICLE{Freksa:92,
	AUTHOR = {Christian Freksa},
	TITLE = "Temporal Reasoning based on semi-intervals",
	JOURNAL = AIJ,
	YEAR = {1992},
	VOLUME = {54},
	NUMBER = {1--2},
	PAGES = {199--227}
}

@ARTICLE{Galton:90,
	AUTHOR = {Antony Galton},
	TITLE = {A Critical Examination of Allen's Theory of Action and
		 Time},
	JOURNAL = AIJ,
	YEAR = {1990},
	VOLUME = {42},
	PAGES = {159--188}
}

@ARTICLE{Haas:86,
	AUTHOR = {Andrew R. Haas},
	TITLE = "A Syntactic Theory of Belief and Action",
	JOURNAL = AIJ,
	YEAR = {1986},
	VOLUME = {28},
	PAGES = {245--292}
	}

@book(Harel:79,
     title =     "First-Order Dynamic Logic",
     author =    {D. Harel},
     publisher = {Springer-Verlag},
     year =      {1979},
     address =   {New York}
     )

@article(Konolige:82,
     author =    {Kurt Konolige},
     title = {A First Order Formalism of Knowledge and Action for a
Multi-Agent Planning System},
     journal =   {Machine Intelligence},
     editor =    {J.E. Hays and D. Michie},
     year =      {1982},
     volume =    {10},
     pages =     {41--72}
     )

@INPROCEEDINGS{Ladkin:87,
	AUTHOR = {Peter Ladkin},
	TITLE = "The Completeness of a Natural System for reasoning with time intervals",
	crossref = {ijcai87},
	PAGES = {462--467}
}

@inproceedings(Lang:92,
     author =    {R. Raymond Lang and Robert P. Goldman},
     title =     "Toward a Knowledge Representation for Simple Narratives",
     booktitle = {Proceedings of the Fourteenth Annual Conference of the Cognitive Science Society},
     year =      {1992},
     pages =     {915-920},
     address =   {Bloomington, Indiana}
     )

@ARTICLE{Maida:91,
	AUTHOR = {Anthony S. Maida and Jacques Wainer and Sehyeong Cho},
	TITLE = "A Syntactic Approach to Introspection and Reasoning about the Beliefs of Other Agents",
	JOURNAL = {Fundamenta Informaticae},
	YEAR = {1991},
	VOLUME = {15},
	PAGES = {333-356}
	}

@INPROCEEDINGS{Maida:92,
	AUTHOR = {Anthony S. Maida},
	TITLE = {Knowledge Representation requirements for Description-based
		 Communication},
	BOOKTITLE = {Proceedings of the Third International Conference on 
		     Principles of Knowledge Representation and Reasoning},
	YEAR = {1992}
}

@article(McDermott:82,
	author =	{Drew V. McDermott},
	year =		{1982},
	journal =	{Cognitive Science},
	pages =		{101--155},
	title =		{A temporal logic for reasoning about processes 
			 and plans},
	volume =	{6}
	)

@article(Perlis:85,
     author =    {Donald Perlis},
     title =     "Languages with self-reference {I}: Foundations",
     journal =   AIJ,
     year =      {1985},
     volume =    {25},
     pages =     {301--322}
     )

@article(Perlis:88,
     author =    {Donald Perlis},
	title = "Languages with Self-reference {II}: Knowledge, belief and modality",
	journal = AIJ,
	year = {1988},
	volume = {34},
	pages = {179--212}
	)

@incollection(Pollack:90,
     author =    {Martha E. Pollack},
     title =     "Plans as Complex Mental Attitudes",
     booktitle = {Intentions in Communication},
     publisher = {MIT Press},
     year =      {1990},
     editor =    {Philip R. Cohen and Jerry Morgan and Martha E. Pollack},
     pages =     {77--104}
     )

@ARTICLE{Searle:80,
	AUTHOR = {John R. Searle},
	TITLE = "The Intentionality of Intention and Action",
	JOURNAL = COGSCI,
	YEAR = {1980},
	VOLUME = {4},
	PAGES = {47--70}
}

@PROCEEDINGS{ijcai87,
	TITLE = IJCAI-87,
	BOOKTITLE = IJCAI-87,
	YEAR = {1987},
	EDITOR = {John McDermott},
	PUBLISHER = KAUFMANN,
	ADDRESS = KAUFMANN-ADDRESS
}


