@InProceedings{slupphaug97:_model,
  author = 	 {Olav Slupphaug and Bjarne A. Foss},
  title = 	 {Model predictive control for a class of hybrid systems},
  booktitle = 	 {Proceedings of the European Control Conference},
  year =	 1997,
  address =	 {Brussels, Belgium}
}


