@book{aarts:corpus1,
   address = "Amsterdam",
   editor = "Jan Aarts and Willem Meijs",
   publisher = "Rodopi B.V.",
   title = "Corpus Linguistics I",
   year = "1984	"
}

@book{aarts:corpus2,
   address = "Amsterdam",
   editor = "Jan Aarts and Willem Meijs",
   publisher = "Rodopi B.V.",
   title = "Corpus Linguistics II",
   year = "1984	"
}

@inproceedings{an:ap,
   author = "Peter Anick and James Pustejovsky",
   booktitle = "Proceedings of 13th International Conference on 
		Computational Linguistics",
   title = "An Application of Lexical Semantics to Knowledge
		Acquisition from Corpora",
   year = "1990	"
}

@techreport{atwell:tppc,
   author = "E. S. Atwell and T.F. O'Donoghue and C. Souter",
   institution = "School of Computer Studies, The University of leeds",
   number = "91.20",
   title = "Training Parsers with Parsed Corpura",
   year = "1991"
}

@book{bacchus:representing,
   author = "Fahiem Bacchus",
   publisher = "MIT Press",
   title = "Representing and Reasoning with Probabilistic 
		Knowledge",
   year = "1990	"
}

@book{barwise:situations,
   author = "Jon Barwise and John Perry",
   publisher = "MIT Press",
   title = "Situations and Attitudes",
   year = "1983	"
}

@inproceedings{bl:pr,
   author = "E. Black and S. Abney and D. Flickinger and C. Gdaniec
		and R. Grishman and P. Harrison and D. Hindle and
		R. Ingria and F. Jelinek and J. Klavans and
		M. Liberman and M. Marcus and S. Roukos and
		S. T. Strzalkowski",
   booktitle = "Proceedings of the 1990 DARPA Speech and Natural
		Language Workshop",
   title = "A Procedure for Quantitatively Comparing the
		Syntactic Coverage of English Grammars",
   year = "1990	"
}

@inproceedings{black:hbg,
   author = "E. Black and F. Jelinek and J. Lafferty and D. Magerman
		and R. Mercer and S. Roukos",
   booktitle = "Proceedings of the 1992 DARPA Speech and Natural
		Language Workshop",
   note = "to appear",
   title = "Towards History-based Grammars: using Richer Models for 
		Probabilistic parsing",
   year = "1992	"
}

@inproceedings{br:au,
   author = "Michael R. Brent and Robert C. Berwick",
   booktitle = "Proceedings of the 1991 DARPA Speech and Natural
		Language Workshop",
   month = "Fubruary",
   title = "Automatic Acquisition of Subcategorization Frames from
		Tagged Text",
   year = "1991",
   Adress = "Asilomar, California"
}

@book{brady:computational,
   editor = "Michael Brady and Robert C. Berwick",
   publisher = "MIT Press",
   title = "Computational Models of Discourse",
   year = "1983	"
}

@unpublished{brown:class,
   author = "P. Brown and V. J. Pietra and 
		P. V. Desouza and J. C. Lai and R. L. Merceri",
   month = "December",
   note = "manuscript",
   title = "Class-based N-gram Models of Natural Language",
   year = "1990"
}

@article{brown:mt,
   author = "P. Brown and J. Cocke and  S. Della Pietra and
		V. Della Pietra and  F. Jelinek and
		J. Lafferty and R. Mercer  and
		P. Roossin",
   journal = "Computational Linguistics",
   month = "June",
   number = "2",
   title = "A Statistical Approach to Machine Translation",
   volume = "16",
   year = "1990"
}

@unpublished{brown:pe,
   author = "P. Brown and  S. Della Pietra and 
		V.Della Pietra and R. Mercer",
   month = "May",
   note = "to appear",
   title = "The Mathematics of Machine Translation: Parameter
		Estimation",
   year = "1991"
}

@book{chomsky:56,
   author = "Chomsky, Noam",
   publisher = "Mouton",
   title = "Syntactic Strcutures",
   year = "1956	"
}

@book{chomsky:65,
   author = "Chomsky, Noam",
   publisher = "MIT Press",
   title = "Aspects of the theory of syntax",
   year = "1965	"
}

@inproceedings{church:88,
   author = "Church, K.",
   booktitle = "Proceedings of Second Conference on Applied Natural
		Language Processing",
   title = "A Stochastic Parts Program and Noun Phrase Paser for 
		Unrestricted Texts",
   year = "1988",
   Adress = "Austin,Texas"
}

@article{church:good,
   author = "Church, K. and Gale, W.",
   journal = "Computer Speech and Language",
   number = "1",
   title = "A Comparison of the Enhanced Good-Turing
		and Deleted Estimation Methods for Estimating 
		Probabilities of English Bigrams",
   volume = "5	",
   year = "1991"
}

@incollection{church:lexical,
   author = "Church, K. and  Hanks, P. and  Hindle, D. and  Gale, W.",
   booktitle = "Lexical Acquisition: Using on-line Resources to 
		Build a Lexicon",
   editor = "Zernik",
   publisher = "Lawrence Erlbaum",
   title = "Using Statistics in Lexical Analysis",
   year = "1991"
}

@inproceedings{church:opport,
   author = "Church, K.",
   address = "Seattle, Washington",
   booktitle = "Proceedings of 23rd Symposium on the 
		Interface, Computing Science and Statistics",
   month = "April",
   title = "Some Statistical Opportunities in Speech and
		Language",
   year = "1991"
}

@inproceedings{church:para,
   author = "Church, K.",
   address = "Oxford, England",
   booktitle = "proceedings of Seventh Annual Conference of the 
		UW Centre for the New OED and Text Research",
   title = "Concordances for Parallel Text",
   year = "1991"
}

@inproceedings{church:pwa,
   author = "K. Church and W. Gale and P. Hanks and D. hindle",
   booktitle = "Proceedings of the 1989 DARPA Speech and Natural
		Language Workshop",
   title = "Parsing, Word Associations and Typical Predicate-Argument
		Relations",
   year = "1989	"
}

@article{church:review,
   author = " Church, K.",
   journal = "Computational Linguistics",
   number = "1	",
   title = "review of Aarts, J., and Meijs, W. (eds.) `Theory
		and Practice in Corpus Linguistics'",
   volume = "17",
   year = "1991"
}

@incollection{church:suggestion,
   author = "Church, K.",
   booktitle = "Abornik praci: In Honor of Henry Kucerau",
   editor = "Simmons",
   note = "to appear",
   publisher = "Michigan Slavic Studies.",
   title = "Current Practice in Part of Speech Tagging and 
		Suggestions for the Future",
   year = "1992"
}

@article{co:pa,
   author = "Covington, M.A.",
   journal = "Computational Linguistics",
   month = "December",
   number = "4",
   pages = "234--236",
   title = "Parsing Discontinuous Constituents in Dependency
		 Grammar",
   volume = "16",
   year = "1990"
}

@book{cohen:introduction,
   address = "New York",
   editor = "Daniel I. A. Cohen",
   publisher = "John Wiley \& Sons, Inc.",
   title = "Introduction To Computer Theory",
   year = "1986	"
}

@book{cr:la,
   author = "Alan Cruttenden",
   publisher = "Manchester University Press",
   title = "Language in Infancy and Childhood",
   year = "1979	"
}

@book{degroot:pr,
   author = "Morris H. DeGroot",
   publisher = "Addison Wesley",
   title = "probability and Statistics",
   year = "1975		"
}

@article{dempster:em,
   author = "A. P. Dempster and N. M. Laird and D. B. Rubin",
   journal = "Journal of the Royal Statistical Society",
   title = " Maximum Likelihood from Incomplete Data via the EM Algorithm",
   volume = "B. 39",
   year = "1977	"
}

@article{derose:88,
   author = "Steven J. DeRose",
   journal = "Computational Linguistics",
   month = "Winter",
   number = "1	",
   title = "Grammatical Category Disambiguation by Statistical
		Optimization",
   volume = "14",
   year = "1988"
}

@book{devlin:log,
   author = "Keith Devlin",
   publisher = "Cambridge University Press",
   title = "Logic And Information",
   year = "1991	"
}

@book{dillon:semantics,
   author = "George L. Dillon",
   publisher = "Prentice-Hall",
   title = " Introduction to Contemporary Linguistic Semantics",
   year = "1977	"
}

@book{frederking:integrated,
   author = "Robert E. Frederking",
   publisher = "Kluwer Academic Publishers",
   title = "Intergrated natural Language Dialogue: A Computational
		Model",
   year = "1988	"
}

@inproceedings{gale:poor,
   author = "William A. Gale and Kenneth W. Church",
   booktitle = "Proceedings of the 1990 DARPA Speech and Natural
		Language Workshop",
   title = "Poor Estimates of Context are Worse than None",
   year = "1990	"
}

@book{garside:com,
   author = "Garside, Roger. and Leech, Geoffrey and Sampson, Geoffrey",
   publisher = "Longman",
   title = "The Computational Analysis of English",
   year = "1987	"
}

@article{go:ad,
   author = "A.L.Gorin and S.E.Levinson,A.N.Gertner and E.Goldman",
   journal = "Computer Speech and Language",
   pages = "101-132",
   title = "Adaptive acquisition of Language",
   volume = "5",
   year = "1991"
}

@inproceedings{hi:st,
   author = "Donald Hindle and Mats rooth",
   booktitle = "Proceedings of the 1990 DARPA Speech and Natural
		Language Workshop",
   title = "Structural Ambiguity and Lexical Relations",
   year = "1990	"
}

@book{hu:word,
   author = "Hudson, R.",
   publisher = "Blackwell",
   title = "Word Grammar",
   year = "1984	"
}

@book{hy:la,
   author = "Nina M. Hyams",
   publisher = "D. Reidel",
   title = "Langauge Acquisition and the Theory of Parameters",
   year = "1986	"
}

@incollection{jelinek:80,
   author = "F. Jelinek and R. L. Mercer",
   booktitle = "Pattern Recognition in Practice",
   editor = "E.S. Gelsema and L.N. Kanal",
   publisher = "North-holland",
   title = "Interpolated Estimation of Markov Source parameters from
		Sparse Data",
   year = "1980	"
}

@incollection{jelinek:85,
   author = "F. Jelinek",
   booktitle = "Reading in Speech Recognition",
   editor = "Alex Waibel and Kai-Fu Lee",
   publisher = "Morgan Kaufmann",
   title = "Self-Organized Langauge Modeling for Speech Recognition",
   year = "1990	"
}

@techreport{jelinek:90,
   author = "F. Jelinek and  J. D. Lafferty and R. L. Mercer",
   institution = "IBM Research Division, T. J. Watson Research
		Center",
   number = "RC 16374(\#72684)",
   title = "Basic Methods of Probabilistic Context Free Grammars",
   type = "Computer Science",
   year = "1990"
}

@book{kanal:uncertainty,
   editor = "L. N. Kanal and J. F. Lemmer",
   publisher = "North-Holland",
   title = "Uncertainty in Artificial Intelligence",
   year = "1986	"
}

@inproceedings{kup:darpa,
   author = "Julian Kupiec",
   booktitle = "Proceedings of the 1991 DARPA Speech and Natural
		Language Workshop",
   month = "Fubruary",
   title = "A Trellis-Based Algorithm For Estimating the Parameters
		of Hidden Stochastic Context-Free Grammar",
   year = "1991",
   Adress = "Asilomar, California"
}

@article{la:io,
   author = "Lari, K. and Young, S. J.",
   journal = "Computer Speech and Language",
   pages = "237--257",
   title = "Applications of Stochastic Context-free
		 Grammars using the Inside-Outside Algorithm",
   volume = "5",
   year = "1991"
}

@book{levine:neural,
   author = " D. S. Levine",
   address = "Hillsdale, New Jersey",
   publisher = "Lawrence Erlbaum Associates",
   title = "Neural \& Cognitive Modeling",
   year = "1991	"
}

@article{machova:review,
   author = "Svatava Machova",
   journal = "Computational Linguistics",
   number = "1",
   pages = "108-111",
   title = "Book Review: Meaning-Text Theory",
   volume = "18",
   year = "1992"
}

@unpublished{magerman:everything,
   author = "David M. Magerman",
   address = "magerman@csli.stanford.edu",
   note = "manuscript",
   title = "Everything You Always Wanted to Know About
		Probability Theory, But Were Afraid to Ask",
   year = "1991	"
}

@inproceedings{magerman:mu,
   author = "Magerman, D. M. and Marcus, M. P.",
   booktitle = "Proceedings of Eight National Conference on Artificial 
		Intelligence",
   month = "August",
   title = "Parsing a Natural Language Using Mutual 
		Information Statistics",
   year = "1990",
   Adress = "Boston,Massachusetts"
}

@inproceedings{magerman:pearl,
   author = "Magerman, D. M. and Marcus, M. P.",
   booktitle = "Proceedings of European ACL",
   month = "April",
   title = "Pearl: A Probabilistic Chart Parsing",
   year = "1991",
   Adress = "Berlin, Germany"
}

@inproceedings{magerman:picky,
   author = "Magerman, D. M. and C. Weir",
   booktitle = "Proceedings of the 1992 DARPA Speech and Natural
		Language Workshop",
   note = "to appear",
   title = "Probabilistic Prediction and Picky Chart parser",
   year = "1992	"
}

@book{mckeown:text,
   author = "Kathleen R. McKeown",
   publisher = "Cambridge University",
   title = "Text Generation",
   year = "1985	"
}

@book{me:de,
   author = "Igor A. Mel'\v{c}uk",
   publisher = "State University of New York Press",
   title = "Dependency Syntax: Theory and Practice",
   year = "1988	"
}

@book{me:surface,
   author = "Igor A. Mel'\v{c}uk and Nikolaj V. Pertsov",
   address = "Amsterdam",
   publisher = "John Benjamins Publishing Company",
   title = "Surface Syntax of English: A Formal Model with the 
		Meaning-Text Framework",
   year = "1987	"
}

@book{meijs:corpus,
   address = "Amsterdam",
   editor = "Willem Meijs",
   publisher = "Rodopi B. V.",
   title = "Corpus Linguistics and Beyond",
   year = "1987	"
}

@unpublished{miles:review,
   author = "Miles Osborne",
   month = "December",
   note = "manuscript",
   title = "A Review of Parsing Paradigms for Natural Langauge",
   year = "1991	"
}

@book{moore:cog,
   address = "New york",
   editor = "Timothy E. Moore",
   publisher = "Academic Press",
   title = "Cognitive Development and the Acquisition of Language",
   year = "1973 	"
}

@book{obermeier:natural,
   author = "Klaus K. Obermeier",
   publisher = "Ellis Horwood Limited",
   title = "Natural Language Processing Technologies in
		Artificial Intelligence",
   year = "1989	"
}

@phdthesis{od:phd,
   author = "Tim F. O'Donoghue",
   note = "forthcoming",
   school = "School of Computer Studies, University of Leeds",
   title = "Reversing the process of generation in Systemic
		Grammar",
   year = "1992"
}

@inproceedings{odonoghue:acl91,
   author = "O'Donoghue, Tim F.",
   booktitle = "Proceedings of the ACL SIG Workshop on
                Reversible Grammar in Natural Language Processing",
   month = June,
   title = "A Semantic Interpreter for Systemic Grammars",
   year = "1991
"
}

@incollection{odonoghue:acl91-book,
   author = "O'Donoghue, Tim F.",
   crossref = "strzalkowski:acl91-book",
   title = "Semantic Interpretation in a Systemic Grammar"
}

@techreport{odonoghue:epow,
   author = "Tim F. O'Donoghue",
   institution = "School of Computer Studies, The University of leeds",
   number = "91.11",
   title = "EPOW: The Edited Polytechnic of Wales Corpus",
   year = "1991"
}

@techreport{odonoghue:vsp,
   author = "Tim F. O'Donoghue",
   institution = "School of Computer Studies, The University of leeds",
   number = "91.15",
   title = "The Vertical Strip Parser: A Lazy Approach to Parsing",
   year = "1991"
}

@book{oe:ca,
   author = "Richard T. Oehrle and Emmon Bach and Deirdre Wheeler",
   publisher = "D, Reidel Publishing Company",
   title = "Categorial Grammars and natural Language Structures",
   year = "1988	"
}

@book{palmer:semantic,
   author = "Matha S. Palmer",
   publisher = "Cambridge University Press",
   title = "Semantic Processing for Finite Domains",
   year = "1990	"
}

@book{pollard:information,
   author = "Carl Pollard and Ivan A. Sag",
   publisher = "CSLI, Leland Stanford Junior University",
   series = "CSLI Lecture Notes",
   title = "Information-based Syntax and Semantics",
   volume = "13	",
   year = "1987"
}

@incollection{rabiner:tutor,
   author = "Rabiner,L.R.",
   address = "Sanmateo, California",
   booktitle = "Readings in Speech Recognition",
   editor = "Waibel, A. and Lee, K. F.",
   publisher = "Morgan Kaufmann",
   title = "A Tutorial on Hidden Markov Models and Selected
		Applications in Speech Recognition",
   year = "1990	"
}

@book{rao:65,
   author = "Rao, C.R.",
   address = "New York",
   publisher = "Wiley",
   title = "Linear Statistical Inference and Its Application",
   year = "1965"
}

@book{shachter:uncertainty,
   author = "R. D. Shachter and T. S. Levitt and L. N. Kanal
		and J. F. Lemmer",
   publisher = "North-Holland",
   title = "Uncertainty in Artificial Interlligence 4",
   year = "1990	"
}

@book{shannon:communication,
   author = "Shannon, C.E. and Weaver, W.",
   publisher = "Urbana",
   title = "The Mathematical Theory of Communication",
   year = "1949	"
}

@techreport{souter:communal,
   author = "Clive Souter and Tim O'Donoghue",
   institution = "School of Computer Studies, The University of leeds",
   number = "90.2",
   title = "Probabilistic Parsing in the COMMUNAL project",
   year = "1990"
}

@techreport{souter:sfgc,
   author = "Clive Souter",
   institution = "School of Computer Studies, The University of leeds",
   number = "89.12",
   title = "Systemic-Functional Grammars and Corpura",
   year = "1989"
}

@book{sowa:conceptual,
   author = "J. F. Sowa",
   publisher = "Addison-Wesley",
   title = "Conceptual Structures: Information Processing in Mind
		and Machine",
   year = "1984"
}

@book{steele:meaning,
   editor = "James Steele",
   publisher = "University of Ottawa Press",
   title = "Maening-Text Theory: Linguistics, Lexicography, and Implications",
   year = "1990	"
}

@book{strzalkowski:acl91-book,
   editor = "Strzalkowski, Tomek",
   note = "To appear",
   publisher = "Kluwer Academic",
   title = "Reversible Grammar in Natural Language Processing",
   year = "1992"
}

@book{te:59,
   author = "Tesni\`{e}re, Lucien",
   publisher = "Klincksieck",
   title = "\'{E}l\'{e}ments de la Syntaxe Structurale",
   year = "1959	"
}

@book{tomita:parsing,
   editor = "Masaru Tomita",
   publisher = "Kluwer Academic",
   title = "Current Issues in Parsing Technology",
   year = "1991"
}

@book{trivedi:pr,
   author = "Kishor S. Trivedi",
   publisher = "Prentice-Hall Inc.",
   title = "Probability \& Statistics with Reliability,
		Queuing, and Computer Science Applications",
   year = "1982	"
}

@book{wilks:theoretical,
   address = "New Jersey",
   editor = "Yorick Wilks",
   publisher = "Lawrence Erlbaum Associates, Inc.",
   title = "Theoretical Issues in Natural langauge Processings",
   year = "1989	"
}

@book{woods:statistics,
   author = "Anthony Woods and Paul Fletcher and Arthur Hughes",
   publisher = "Cambridge University Press",
   title = "Statistics in Language Studies",
   year = "1986	"
}

@book{zipf,
   author = "Zipf, George K.",
   publisher = "George Routledge",
   title = " The Psycho-biology of Language: An introduction to dynamic
		Philology",
   year = "1936	"
}

@article{zu:notes,
   author = "Job M. van Zuijlen",
   journal = "BSO/Research, Utrecht, The Netherlands",
   month = "July",
   title = "Notes on a Probabilistic Parsing Experiment",
   year = "1990"
}

@article{zu:pr,
   author = "Job M. van Zuijlen",
   journal = "BSO/Research, Utrecht, The Netherlands",
   month = "June",
   title = "Probabilistic Methods in Dependency Grammar
		Parsing",
   year = "1989"
}

@article{zu:sa,
   author = "Job M. van Zuijlen",
   journal = "BSO/Research, Utrecht, The Netherlands",
   month = "February",
   title = "The Application of Simulated Annealing in
		Dependency Grammar Parsing",
   year = "1989"
}

@article{zu:ssn,
   author = "Job M. van Zuijlen",
   journal = "BSO/Research, Utrecht, The Netherlands",
   month = "November",
   title = "A Technique For The Compact Representation of
		Multiple Analyses in Dependency Grammar",
   year = "1988"
}


