File /cs3/rpg/refs/db.bib last modified on Tue May 25 13:27:33 1993.

@ARTICLE{Lipski:79,
	AUTHOR = {Witold Lipski, Jr.},
	TITLE = {On Semantic Issues Connected with Incomplete 
		 Information Databases},
	JOURNAL = {ACM Transactions on Database Systems},
	YEAR = {1979},
	VOLUME = {4},
	NUMBER = {3},
	PAGES = {262--296}
}

@TECHREPORT{Motro:91,
	AUTHOR = {Amihai Motro},
	TITLE = "Responding with Knowledge",
	INSTITUTION = {Information Systems and Systems Engineering
		       Department, George Mason University},
	YEAR = {1991},
	ADDRESS = {Fairfax, VA},
	MONTH = {February}
}

@UNPUBLISHED{Dutta:88,
	AUTHOR = {Soumitra Dutta},
	TITLE = {Analogy: An Approximate Reasoning Technique for
		 Answering Null Queries},
	NOTE = {MSS},
	MONTH = {October},
	YEAR = {1988}
}

@ARTICLE{Bertino:92,
	AUTHOR = {Elisa Bertino and Mauro Negri and Giuseppe Pelagatti
		  and Licia Sbattella},
	TITLE = {Object-oriented Query Languages:
		 The notion and the issues},
	JOURNAL = KDE,
	YEAR = {1992},
	VOLUME = {4},
	NUMBER = {3},
	PAGES = {223--237}
}

@ARTICLE{Smith:77,
	AUTHOR = {John Miles Smith and Diane C.P. Smith},
	TITLE = "Database Abstractions:  Aggregation and Generalization",
	JOURNAL = ACMTDS,
	YEAR = {1977},
	VOLUME = {2},
	NUMBER = {2},
	PAGES = {105--133},
	MONTH = {June}
}

@INPROCEEDINGS{Abiteboul:89,
	AUTHOR = {Serge Abiteboul and Paris Kanellakis},
	TITLE = "Object Identity as a query language primitive",
	BOOKTITLE = {Proceedings {ACM} {SIGMOD}},
	YEAR = {1989}
}

@ARTICLE{Zicari:90,
	AUTHOR = {Roberto Zicari},
	TITLE = "Incomplete Information in Object-oriented databases",
	JOURNAL = {{SIGMOD} Record},
	YEAR = {1990},
	VOLUME = {19},
	NUMBER = {3},
	PAGES = {5 -- 16},
	MONTH = {September}
}

@ARTICLE{Imielinski:91,
	AUTHOR = {Tomasz Imielinski and Shamim Naqvi and Kumar Vadaparty},
	TITLE = {Incomplete Objects --- A Data Model for Design and Planning
		 Applications},
	JOURNAL = {{SIGMOD} Record},
	YEAR = {1991},
	VOLUME = {20},
	NUMBER = {2},
	PAGES = {288 -- 297}
}

