File f:/goldman/refs/expert-pool.bib last modified on Thu Apr 15 10:05:16 1999.
% A bibliography file containing information about methods of combining
% expert opinions (with an emphasis on expert probability assessments).

@ARTICLE{EP:DuboisPrade:92,
	AUTHOR = {Didier Dubois and Henri Prade},
	TITLE = {On the relevance of non-standard theories of 
		 uncertainty in modeling and pooling expert opinions},
	JOURNAL = {Reliability Engineering and System Safety},
	YEAR = {1992},
	VOLUME = {36},
	PAGES = {95--107},
	ANNOTE = {Dubois and Prade refute an earlier paper that attacks
		  non-Bayesian methods for integrating expert opinions.
		  }
}

@ARTICLE{GenestZidek:86,
	AUTHOR = {Christian Genest and James V. Zidek},
	TITLE = {Combining Probability Distributions:
		 A critique and an annotated bibliography},
	JOURNAL = {Statistical Science},
	YEAR = {1986},
	VOLUME = {1},
	NUMBER = {1},
	PAGES = {114--148}
}

@ARTICLE{Morris:77,
	AUTHOR = {Peter A. Morris},
	TITLE = "Combining Expert Judgments: A {B}ayesian Approach",
	JOURNAL = {Management Science},
	YEAR = {1977},
	VOLUME = {23},
	NUMBER = {7},
	PAGES = {679--693},
	MONTH = mar
}

@ARTICLE{Jacobs:1995,
	AUTHOR = {Robert A. Jacobs},
	TITLE = "Methods for Combining Experts' Probability Assessments",
	JOURNAL = {Neural Computation},
	YEAR = {1995},
	VOLUME = {7},
	PAGES = {867--888},
	ANNOTE = {Another review article.}
}
