%Billings, C.  Aviation Automation: The search for a human-centered approach.  Lawrence Erlbaum: Mahwah, NJ, 1997.

@Book{Billings:1997,
  author =	 {C. Billings},
  title =	 {Aviation Automation: The search for a human-centered
                  approach},
  publisher =	 ERLBAUM,
  year =	 1997,
  address =	 ERLBAUM-ADDRESS
}

%Parasuraman, R. and Riley, V. Humans and Automation: Use, Misuse, Disuse and Abuse.  Human Factors, 39(2), 1997, 230-253.

@Article{ParasuramanRiley:1997,
  author = 	 {Raja Parasuraman and Vic Riley},
  title = 	 {Humans and Automation: Use, Misuse, Disuse and Abuse},
  journal = 	 {Human Factors},
  year = 	 1997,
  volume =	 39,
  number =	 2,
  pages =	 {230--253}
}

%Riley, V. A theory of operator reliance on automation.  In M. Mouloua and R. Parasuraman (Eds.) Human Performance in Automated Systems: Recent research and trends.  Hillsdale; Erlbaum. 8-14. 

@InCollection{Riley:1994,
  author =	 {Vic Riley},
  title =	 {A theory of operator reliance on automation},
  booktitle =	 {Human Performance in Automated Systems: Recent
                  research and trends},
  pages =	 {8--14},
  publisher =	 ERLBAUM,
  year =	 1994,
  editor =	 {M. Mouloua and R. Parasuraman},
  address =	 ERLBAUM-ADDRESS
}

% Parasurman, R., Molloy, R. and Singh, I.  (1993).  Performance consequences of automation-induced complacency.  International Journal of Aviation Psychology, 3.  1-23. 

@Article{ParasuramanETAL:1993,
  author = 	 PARASURAMAN # { and R. Molloy and I. Singh},
  title = 	 {Performance consequences of automation-induced complacency},
  journal = 	 {International Journal of Aviation Psychology},
  year = 	 1993,
  volume =	 3,
  pages =	 {1--23}
}

% John, B. E., & Kieras, D. E. The GOMS family of user interface analysis techniques: Comparison and contrast. ACM Transactions on Computer-Human Interaction 3(4). 1996. 320--351.

@Article{JohnKieras:1996,
  author = 	 {B.E. John and D.E.~Kieras},
  title = 	 {The {GOMS} family of user interface analysis techniques: Comparison and contrast},
  journal = 	 {ACM Transactions on Computer-Human Interaction},
  year = 	 1996,
  volume =	 3,
  number =	 4,
  pages =	 {320--351}
}

% Kirwan, B. and Ainsworth, L.  A Guide to Task Analysis.  Taylor and Francis; Bristol, PA, 1992.

@Book{kirwan92:_guide_task_analy,
  author =	 {B. Kirwan and L.~Ainsworth},
  title = 	 {A Guide to Task Analysis},
  publisher = 	 {Taylor and Francis},
  year = 	 1992,
  address =	 {Bristol, PA}
}

% Mitchell, C. GT-MSOCC: a research domain for modeling human-computer interaction and aiding decision making in supervisory control systems.  IEEE Transactions on Systems, Man and Cybernetics, 17(4), 1987, 553-570.

@Article{mitchell87:_gt_msocc,
  author =	 {C.~Mitchell},
  title =	 {{GT-MSOCC}: a research domain for modeling
                  human-computer interaction and aiding decision
                  making in supervisory control systems},
  journal =	 SMC,
  year =	 1987,
  volume =	 17,
  number =	 4,
  pages =	 {553--570}
}

