File /cs3/rpg/refs/hmm.bib last modified on Fri May 15 17:44:50 1992.

@ARTICLE{Viterbi,
	AUTHOR = {A.J. Viterbi},
	Title = {Error bounds for convolutional codes and an asymptotically
		 optimum decoding algorithm},
	JOURNAL = IT,
	YEAR = {1967},
	VOLUME = {13},
	PAGES = {260--269},
	MONTH = April
}

@ARTICLE{Forney,
	AUTHOR = {G. David Forney},
	Title = "The {Viterbi} Algorithm",
	JOURNAL = {Proceedings of the IEEE},
	YEAR = {1973},
	VOLUME = {61},
	NUMBER = {3},
	PAGES = {268--278}
}

@INBOOK{Srihari,
	AUTHOR = {S. Srihari},
	PAGES = {1160--1162},
	TITLE = "{Viterbi} Algorithm",
	CROSSREF = EncAI,
	VOLUME = {2}
}

@TECHREPORT{Kupiec:89b,
	AUTHOR = {Julian Kupiec},
	TITLE = "Part-of-Speech Annotation Using a Hidden {Markov} Model",
	INSTITUTION = PARC,
	YEAR = {1989},
	NUMBER = {SSL-89-81}
}

@TECHREPORT{Kupiec:89a,
	AUTHOR = {Julian Kupiec},
	TITLE = {Probabilistic Models of Short and Long Distance Word
		 Dependencies in Running Text},
	INSTITUTION = PARC,
	YEAR = {1989},
	NUMBER = {SSL-89-12}
}

@TECHREPORT{Kupiec:89a,
	AUTHOR = {Julian Kupiec},
	TITLE = {Probabilistic Models of Short and Long Distance Word
		 Dependencies in Running Text},
	INSTITUTION = PARC,
	YEAR = {1989},
	NUMBER = {SSL-89-12}
}

@TECHREPORT{Kupiec:89c,
	AUTHOR = {Julian Kupiec},
	TITLE = {Augmenting a Hidden {Markov} Model for Phrase Dependent
		 Word Tagging},
	INSTITUTION = PARC,
	YEAR = {1989},
	NUMBER = {P89-00097}
}

@ARTICLE{Jelinek:MT,
	AUTHOR = {Peter Brown and John Cocke and Stephen Della Pietra and
		  Vincent Della Pietra and Fredrick Jelinek and John D.
		  Lafferty and Robert L. Mercer and Paul S. Roossin},
	TITLE = "A Statistical Approach to Machine Translation",
	JOURNAL = CL,
	YEAR = {1990},
	VOLUME = {16},
	NUMBER = {2},
	PAGES = {79--85},
	MONTH = June
}

@ARTICLE{EM,
	AUTHOR = {A.P. Dempster and N.M. Laird and D.B. Rubin},
	TITLE = {Maximum Likelihood from Incomplete Data via the {EM}
		 Algorithm},
	JOURNAL = JRRS,
	YEAR = {1977},
	VOLUME = {39},
	PAGES = {1--38},
	NOTE = {Series B.}
}

@ARTICLE{Levinson:83,
	AUTHOR = {S.E. Levinson and L.R. Rabiner and M.M. Sondhi},
	TITLE = {An Introduction to the Application of the Theory
		 of Probabilistic Functions of a {Markov} Process
		 to Automatic Speech Recognition},
	JOURNAL = BSTJ,
	YEAR = {1983},
	VOLUME = {62},
	NUMBER = {4},
	PAGES = {1035--1074},
	MONTH = {April}
}

@ARTICLE{Jelinek:CSR,
	AUTHOR = {Lalit R. Bahl and Fredrick Jelinek and Robert L. Mercer},
	TITLE = {A Maximum Likelihood Approach to Continuous Speech
		 Recognition},
	JOURNAL = PAMI,
	YEAR = {1983},
	VOLUME = {5},
	NUMBER = {2},
	PAGES = {179--190},
	MONTH = March
}
		




@INCOLLECTION{Jelinek:90,
	AUTHOR = {Frederick Jelinek},
	TITLE = "Self-organized Language Modeling for Speech Recognition",
	CROSSREF = {SRReadings},
	CHAPTER = {8.1},
	PAGES = {450--506}
}

@INCOLLECTION{Jelinek:85,
	AUTHOR = {Frederick Jelinek},
	TITLE = "Markov Source Modeling of Text Generation",
	BOOKTITLE = {The Impact of Processing Techniques on Communications},
	PUBLISHER = {Martinus Nijhoff Publishers},
	YEAR = {1985},
	EDITOR = {J. K. Skwirzynski},
	PAGES = {569 -- 598},
	ADDRESS = {Dordrecht / Boston / Lancaster}
}

@ARTICLE{Shinghal:79,
	AUTHOR = {Rajjan Shinghal and Godfried T. Toussaint},
	TITLE = {Experiments in Text Recognition with the Modified
		 {Viterbi} Algorithm},
	JOURNAL = PAMI,
	YEAR = {1979},
	VOLUME = {1},
	NUMBER = {2},
	PAGES = {184--193},
	MONTH = April
}

@ARTICLE{Tanaka:82,
	AUTHOR = {Hatsukazu Tanaka and Yutaka Hirakawa and Seiko Kaneku},
	TITLE = {Recognition of Distorted Patterns Using the 
		 {Viterbi} Algorithm},
	JOURNAL = PAMI,
	YEAR = {1982},
	VOLUME = {4},
	NUMBER = {1},
	PAGES = {18--25},
	MONTH = January
}

@ARTICLE{Hull:83,
	AUTHOR = {Jonathan J. Hull and Sargur N. Srihari and Ramesh
		  Choudhari},
	TITLE = {An {I}ntegrated Algorithm for Text Recognition:
		 Comparison with a Cascaded Algorithm},
	JOURNAL = PAMI,
	YEAR = {1983},
	VOLUME = {5},
	NUMBER = {4},
	PAGES = {384--395},
	MONTH = July
}

@INCOLLECTION{Garside:87,
	AUTHOR = {Roger Garside},
	TITLE = "The CLAWS word-tagging system",
	CROSSREF = {CompAnalEngl},
	CHAPTER = {3},
	PAGES = {30--41}
}

@INCOLLECTION{Marshall:87,
	AUTHOR = {Ian Marshall},
	TITLE = "Tag Selection using probabilistic methods",
	CROSSREF = {CompAnalEngl},
	CHAPTER = {4},
	PAGES = {42--56}
}

@INCOLLECTION{Atwell:87,
	AUTHOR = {Eric Atwell and Stephen Elliott},
	TITLE = "Dealing with ill-formed English text",
	CROSSREF = {CompAnalEngl},
	CHAPTER = {10},
	PAGES = {120--138}
}

% best cite I could come up with for TreeBank project

@TECHREPORT{Santorini:90,
	AUTHOR = {Beatrice Santorini},
	TITLE = {Part-of-Speech Tagging Guidelines for the {P}enn Treebank
		 Project},
	INSTITUTION = {Department of Computer and Information Science,
		       University of Pennsylvania},
	YEAR = {1990},
	TYPE = {MS-CIS},
	NUMBER = {90-47},
	ADDRESS = {Philadelphia, PA},
	MONTH = July
}

@ARTICLE{DeRose:88,
	AUTHOR = {Steven J. DeRose},
	TITLE = {Grammatical Category Disambiguation by Statistical
		 Optimization},
	JOURNAL = CL,
	YEAR = {1988},
	VOLUME = {14},
	NUMBER = {1},
	PAGES = {31--39},
	MONTH = Winter
}



@INCOLLECTION{Atwell:87,
	AUTHOR = {Eric Atwell},
	TITLE = "Constituent-likelihood grammar",
	BOOKTITLE = {The Computational Analysis of English},
	PUBLISHER = {Longman},
	YEAR = {1987},
	EDITOR = {Roger Garside and Geoffrey Leech and Geoffrey Sampson},
	CHAPTER = {5},
	PAGES = {57--65},
	ADDRESS = {London}
}

@TECHREPORT{Gale:92,
	AUTHOR = {William A. Gale and Kenneth W. Church and David Yarowsky},
	TITLE = "A Method for disambiguating word senses in a large corpus",
	INSTITUTION = {AT\&T Bell Laboratories},
	YEAR = {1992},
	TYPE = {Statistical Research Reports},
	NUMBER = {104},
	ADDRESS = {Murray Hill, NJ   07974},
	MONTH = March
}

@MISC{Sharman,
	AUTHOR = {R. A. Sharman},
	TITLE = "Generating a Grammar for Statistical Training",
	HOWPUBLISHED = {manuscript}
}

@TECHREPORT{Kehagias:91,
	AUTHOR = {Athanasios Kehagias},
	TITLE = {Stochastic Recurrent Networks Training
		 by the Local Backward-Forward Algorithm},
	INSTITUTION = {Division of Applied Mathematics},
	YEAR = {1991},
	ADDRESS = {Providence, RI}
}

@TECHREPORT{Kehagias:91a,
	AUTHOR = {Athanasios Kehagias},
	TITLE = {Stochastic Recurrent Networks:
		 Prediction and Classification of Time Series},
	INSTITUTION = {Division of Applied Mathematics},
	YEAR = {1991},
	ADDRESS = {Providence, RI}
}
