@inproceedings{ asarin00approximate,
    author = "Eugene Asarin and Thao Dang and Oded Maler and Olivier Bournez",
    title = "Approximate Reachability Analysis of Piecewise-Linear Dynamical Systems",
    booktitle = HSCC,
    pages = "20-31",
    year = "2000",
    url = "citeseer.nj.nec.com/asarin00approximate.html" }

@inproceedings{ bournez99orthogonal,
    author = "Olivier Bournez and Oded Maler and Amir Pnueli",
    title = "Orthogonal Polyhedra: Representation and Computation",
    booktitle = "{HSCC}",
    pages = "46-60",
    year = "1999",
    url = "citeseer.nj.nec.com/bournez99orthogonal.html" }

@InProceedings{Maler:01,
  author =	 {Oded Maler},
  title =	 "Control from Computer Science",
  booktitle =	 {{IFAC} Symposium on Nonlinear Control ({NOLCOS'01})},
  url =		 {http://www-verimag.imag.fr/~maler/},
  year =	 2001
}

@article{ lee99synthesis,
  author = "C. Lee and M. Potkonjak and W. Wolf",
  title = "Synthesis of Hard Real-Time Application Specific Systems",
  journal = 	 {Design Automation for Embedded Systems},
  volume = 	 4,
  number = 	 4,
  pages = 	 {215--241},
  year = 1999,
  url = "citeseer.nj.nec.com/lee99synthesis.html" }

@Article{Lafferriere:1999:NCD,
  author =       "Gerardo Lafferriere and George J. Pappas and Sergio
Yovine",
  title =        "A New Class of Decidable Hybrid Systems",
  journal =      "Lecture Notes in Computer Science",
  volume =       "1569",
  pages =        "137--??",
  year =         "1999",
  coden =        "LNCSD9",
  ISSN =         "0302-9743",
  bibdate =      "Tue Feb 5 11:53:48 MST 2002",
  url =          "http://link.springer-ny.com/link/service/series/0558/bibs/1569/15690137.htm;
                 http://link.springer-ny.com/link/service/series/0558/papers/1569/15690137.pdf",
  acknowledgement = ack-nhfb,
}

@misc{ lafferriere98reachability,
  author = "G. Lafferriere and G. Pappas and S. Yovine",
  title = "Reachability computation of linear hybrid systems",
  text = "G. Lafferriere, G.J. Pappas, and S. Yovine. Reachability computation of
    linear hybrid systems. 1998. preprint.",
  year = "1998",
  url = "citeseer.nj.nec.com/lafferriere98reachability.html" }


@Article{Koo:2001:MSS,
  author =       "T. John Koo and George J. Pappas and Shankar Sastry",
  title =        "Mode Switching Synthesis for Reachability
                 Specifications",
  journal =      "Lecture Notes in Computer Science",
  volume =       "2034",
  pages =        "333--??",
  year =         "2001",
  CODEN =        "LNCSD9",
  ISSN =         "0302-9743",
  bibdate =      "Sat Feb 2 13:03:51 MST 2002",
  URL =          "http://link.springer-ny.com/link/service/series/0558/bibs/2034/20340333.htm;
                 http://link.springer-ny.com/link/service/series/0558/papers/2034/20340333.pdf",
  acknowledgement = ack-nhfb,
}