File /home/rpg/refs/ir.bib last modified on Thu Apr 25 17:01:23 1991.
@string{ipmai87 = "Special Issue on Artificial Intelligence and
                Information Retrieval"}
@string{isr = "Information Storage and Retrieval"}
@string{ipm =  "Information Processing and Management"}
@string{ijmms = "International Journal of Man-Machine Studies"}
@string{jod = "Journal of Documentation"}
@string{jacm = "Journal of the Association for Computing Machinery"}
@string{riao88 = "RIAO 88 : User-Oriented Content-Based Text and Image
Handling"}
@string{bcs84 = "Research and Development in Information Retrieval:
Proceedings of the Third Joint BCS and ACM Symposium"}
@string{sigir87ed = "Yu, C. T. and {van Rijsbergen}, C. J."}
@STRING{anlp88 = "Second Conference on Applied Natural Language Processing"}
@string{jasis = "Journal of the American Society for Information Science"}


@inproceedings{BERRUT86
,               author = "Catherine Berrut and Patrick Palmer"
,               title = "Solving Grammatical Ambiguities within a
 Surface Syntactical Parser for Automatic Indexing"
,               booktitle = sigir86
,               pages = "123--130"
,               year = 1986}


@inproceedings{BRUANDET87
,               author = "Marie-France Bruandet"
,               title  = "Outline Of A Knowledge Base Model For An Intelligent
                          Information Retrieval System"
,               booktitle = sigir87
,               year = 1987
,               month = "June"
,               editor = sigir87ed
,               pages = "33--43"}


@article{CHIARAMELLA87
,               author = "Y. Chiaramella and B. Defude"
,               title = "A Prototype of an Intelligent System for Information
                         Retrieval: {IOTA}"
,               journal = "Information Processing and Management"
,               year = 1987
,               volume = 23
,               number = 4
, note = ipmai87
,               pages = "285-303"
  }

@article{CROFT87
,               author = "W. Bruce Croft"
,               title = "Approaches to Intelligent Information Retrieval"
,               journal = "Information Processing and Management"
,               year = 1987
,               volume = 23
,               number = 4
,               pages = "249-254"
, note = ipmai87
 }

@inproceedings{CROFT87c
, author = "W. Bruce Croft and David D. Lewis"
, title = "An Approach to Natural Language Processing for Document Retrieval"
, booktitle = sigir87
, year = 1987
, pages = "26--32"
 }

@inproceedings{DEFUDE85
,               author = "B. Defude"
,               title = "Different Levels of Expertise for an Expert System
 in Information Retrieval"
,               booktitle = sigir85
,               year = 1985
,               pages = "147-153"
 }


@inproceedings{DEJACO86
,               author = "Dario DeJaco and Gianluca Garbolino"
,               title  = "An Information Retrieval System Based on
                          Artificial Intelligence Techniques"
,               booktitle = sigir86
,               year = 1986
,               pages = "214-220"
 }

@article{DILLON83
,               author = "Martin Dillon and Ann S. Gray"
,               title = "{FASIT}: A Fully Automatic Syntactically Based
                         Indexing System"
,               journal = jasis
,               year = 1983
,               month = "march"
,               pages = "99--108"
,               volume = 34
,               number = 2}

@article{EARL70
,               author = "Lois L. Earl"
,               title = "Experiments in Automatic Extracting and Indexing"
,               journal = isr
,               Volume = 6
,               pages = "313--324"
,               year = 1970
 }

@phdthesis{FAGAN87
,               author = "Joel L. Fagan"
,               title = "Experiments in Automatic Phrase Indexing for
                         Document Retrieval: A Comparison of Syntactic and
                         Non-Syntactic Methods"
,               school = "Department of Computer Science, Cornell University"
,               year = 1987
,               month = "September"}


@article{FOX87
,               author = "Edward A. Fox"
,               title = "Development of the CODER System: A Testbed for
 Artificial Intelligence Methods in Information Retrieval"
,               journal = ipm
,               year = 1987
,               volume = 23
,               number = 4
,               pages = "341--366"
,               note = ipmai87
 }


@inproceedings{FUHR84
, author = "N. Fuhr and G. E. Knorz"
, title = "Retrieval Test Evaluation of a Rule Based Automatic Indexing
 {(AIR/PHYS)}"
, booktitle = bcs84
, year = 1984
, editor = VanR
, pages = "391--408"
, publisher = "Cambridge University Press"
, address = "Cambridge"
, month = "July 2-6"
 }

@techreport{HAHN86
,  author = "Udo Hahn and Ulrich Reimer"
,  title = "TOPIC Essentials"
,  institution = "Universitat Konstanz"
,  number = "TOPIC-19/86"
,  year = 1986
,  address = "Konstanz"
,  month = "April"
  }


@inproceedings{HAYES88
,               author = "Philip J. Hayes and Laura E. Knecht and
 Monica J. Cellio"
,               title = "A News Story Categorization System"
,               booktitle = anlp88
,               month = feb
,               pages = "9--17"
,               year = 1988}


@inproceedings{HILLMAN69
,               author = "Donald J. Hillman and Andrew J. Kasarda"
,               title  = "The {LEADER} Retrieval System"
,               booktitle = "Spring Joint Computer Conference"
,               organization = "AFIPS"
,               year = 1969
,               pages = "447--455"}


@inproceedings{MAULDIN87
,               author = "Michael Mauldin and Jaime Carbonell and
                          Richard Thomason"
,               title  = "Beyond the Keyword Barrier: Knowledge-Based
                         Information Retrieval"
,               booktitle = "29th Annual Conference of the National
                             Federation of Abstracting and Information
                             Services"
,                publisher = "Elsevier Press"
,               year = 1987}

@article{RAU87
,               author = "Lisa F. Rau"
,               title = "Knowledge Organization and Access in A Conceptual
Information System"
,               journal = ipm
,               year = 1987
,               volume = 23
,               number = 4
,               note = ipmai87
,               pages = "269--283"}

@inbook{SALTON66
,               author = "Gerard Salton"
,               title  = "Automatic Phrase Matching"
,               booktitle = "Readings in Automatic Language Processing"
,                editor = "David G. Hays"
,                pages = "169--188"
,                publisher = "American Elsevier Publishing Company, Inc."
,                 address = "New York"
,                year = 1966}


@book{SALTON68
, author = "Gerard Salton"
, title = "Automatic Information Organization and Retrieval"
, publisher = "McGraw-Hill Book Company"
, year = 1968
, address = "New York"
  }


%ISBN 0 -201-12227-8
@BOOK{Salton:89,
	AUTHOR = {Gerard Salton},
	TITLE = {Automatic Text Processing:  The transformation,
		 analysis, and retrieval of information by Computer},
	PUBLISHER = {Addison-Wesley},
	YEAR = {1989},
	SERIES = {Addison-Wesley Series in Computer Science},
	ADDRESS = {Reading, MA}
}

@article{SALTON68b
, author = "G. Salton and M. E. Lesk"
, title = "Computer Evaluation of Indexing and Text Processing"
, journal = jacm
, year = 1968
, volume = 15
, number = 1
, pages = "8-36"
  }


@phdthesis{SMEATON87
, author = "Alan F. Smeaton"
, title = "Using Parsing of Natural Language as part of Document Retrieval"
, school = "University College Dublin; The National University of Ireland"
, year = 1987
, month = Sept
 }

@inproceedings{SMEATON86
,               author = "Alan F. Smeaton"
,               title  = "Incorporating Syntactic Information
                 into a Document Retrieval Strategy: an Investigation"
,               booktitle = sigir86
,               year = 1986
,               pages = "103--113"
        }


@article{SPARCKJONES84
,               author ="K. Sparck Jones and J. I. Tait"
,               title  = "Automatic Search Term Variant Generation"
,               journal = jod
,               year = 1984
,               volume = 40
,               number = 1
,               month = "March"
,               pages = "50--66"}


@inproceedings{THIEL87
,               author = "Ulrich Thiel and Rainer Hammwohner"
,               title  = "Informational Zooming: An Interaction Model
                          for the Graphical Access to Text Knowledge Bases"
,               booktitle = sigir87
,               month = "june"
,                editor = sigir87ed
,               pages = "45--56"
,               year = 1987
  }

@inproceedings{THURMAIR86
,               author = "G. Thurmair"
,               title  = "A Common Architecture for Different Text
Processing Techniques in an Information Retrieval Environment"
,               booktitle = sigir86
,               year = 1986
,               pages = "138-143"
        }


@inproceedings{YOUNG85
,               author = "Sheryl R. Young and Philip J.Hayes"
,               title  = "Automatic Classification and Summarization of
                          Banking Telexes"
,               booktitle = "The Second Conference on Artificial
                             Intelligence Applications"
,               year = 1985
,               month = "December"
,               pages = "402--408"
,                organization = "IEEE Computer Society"

                }

