File f:/refs/kdd.bib last modified on Tue Mar 04 10:49:41 1997.

@ARTICLE{Oldford:90,
	AUTHOR = {R.W. Oldford},
	TITLE = "Software Abstraction of Elements of Statistical Strategy",
	JOURNAL = AMAI,
	YEAR = {1990},
	VOLUME = {2},
	PAGES = {291--308}
}

@ARTICLE{Hietala:90,
	AUTHOR = {Paula Hietala},
	TITLE = {{ESTES}: A Statistical Expert System for Time
		 Series Analysis},
	PAGES = {221--236},
	CROSSREF = {Oldford:90}
}

@ARTICLE{DuMouchel:90,
	AUTHOR = {William DuMouchel},
	TITLE = {The Structure, Design Principles, and Strategies 
		 of MULREG},
	PAGES = {117--134},
	CROSSREF = {Oldford:90}
}

@ARTICLE{Haaland:90,
	AUTHOR = {Perry D. Haaland and John C. Lusth and Roger F.
		  Liddle and Joan W. Curry},
	TITLE = {Dexter: A Guide to Selecting the Best Design
		 for an Industrial Screening Experiment},
	PAGES = {179--196},
	CROSSREF = {Oldford:90}
}

@ARTICLE{Young:95,
	AUTHOR = {Forrest W. Young and David J. Lubinsky},
	TITLE = "Guiding Data Analysts with Visual Statistical Strategies",
	JOURNAL = {Journal of Computational and Graphical Statistics},
	YEAR = {1995},
	VOLUME = {4},
	NUMBER = {4},
	PAGES = {229--250}
}
