%% This BibTeX bibliography file was created using BibDesk.
%% http://bibdesk.sourceforge.net/


%% Created for Ugur Kuter at 2012-05-20 22:09:37 -0400 


%% Saved with string encoding Unicode (UTF-8) 


@string{aaai = {Proc. National Conf.\ on Artificial Intelligence (AAAI)}}

@string{aamas = {Proc.\ Internat.\ Joint Conf.\ on Autonomous Agents and Multiagent Systems (AAMAS)}}

@string{acm = {Communications of the ACM}}

@string{admath = {Annals of Discrete Mathematics}}

@string{adrob = {Advanced Robotics Journal}}

@string{ai = {Artificial Intelligence}}

@string{aicom = {AI Communications}}

@string{aiide = {Proc. Artificial Intelligence and Interactive Digital Entertainment Conf.\ (AIIDE)}}

@string{aimag = {AI Magazine}}

@string{aips = {Proc.\ Internat.\ Conf.\ on AI Planning Systems (AIPS)}}

@string{amai = {Annals of Mathematics and Artificial Intelligence}}

@string{bothai = {AAAI/IAAI Proceedings}}

@string{ci = {Computational Intelligence}}

@string{compint = {Computational Intelligence}}

@string{computer = {IEEE Computer}}

@string{cp = {Proc. Internat.\ Conf.\ on Principles and Practice of Constraint Programming (CP)}}

@string{ecai = {Proc. European Conf.\ on Artificial Intelligence (ECAI)}}

@string{eccbr = {Proc. European Conf.\ on Case-Based Reasoning (ECCBR)}}

@string{ecp = {Proc. European Conf.\ on Planning (ECP)}}

@string{ewcbr = {Proc. European Workshop on Case-Based Reasoning (EWCBR)}}

@string{ewsp = {Proc. European Workshop on Planning (EWSP)}}

@string{expsys = {Expert Systems}}

@string{heuristics = {Journal of Heuristics}}

@string{iaai = {Proc. Innovative Applications of Artificial Intelligence Conf.\ (IAAI)}}

@string{icaps = {Proc. International Conf.\ on Automated Planning and Scheduling (ICAPS)}}

@string{iccbr = {Proc. International Conf.\ on Case-Based Reasoning (ICCBR)}}

@string{icccd = {International Conf.\ on Computational Cultural Dynamics (ICCCD)}}

@string{icgi = {International Colloquium on Grammatical Inference and Applications (ICGI)}}

@string{icmas = {Proc. International Conf.\ on Multi-Agent Systems (ICMAS)}}

@string{icml = {Proc. International Conf.\ on Machine Learning (ICML)}}

@string{icra = {IEEE International Conf.\ on Robotics and Automation (ICRA)}}

@string{ictai = {IEEE International Conf.\ on Tools with AI (ICTAI)}}

@string{ijcai = {Proc.\ Internat.\ Joint Conf.\ on Artificial Intelligence (IJCAI)}}

@string{ijrr = {International Journal of Robotics Research}}

@string{iros = {IEEE/RSJ International Conf.\ on Intelligent Robots and Systems (IROS)}}

@string{iswc = {Proc. International Semantic Web Conf.\ (ISWC)}}

@string{jacm = {Journal of the ACM}}

@string{jair = {Journal of Artificial Intelligence Research}}

@string{jws = {Journal of Web Semantics (JWS)}}

@string{ki = {German Conf.\ on Artificial Intelligence (KI)}}

@string{kr = {Proc. International Conf.\ on Knowledge Representation and Reasoning (KR)}}

@string{lnai = {Lecture Notes in Artificial Intelligence (LNAI)}}

@string{lncs = {Lecture Notes in Computer Science (LNCS)}}

@string{ml = {Machine Learning}}

@string{nips = {Proc. Neural Information Processing Systems (NIPS)}}

@string{or = {Operations Research}}

@string{roba = {IEEE Transactions on Robotics and Automation}}

@string{siamjam = {SIAM Journal of Applied Mathematics}}

@string{siamjc = {SIAM Journal on Computing}}

@string{smc = {IEEE Trans.\ Systems, Man, and Cybernetics}}

@string{soda = {Proc. Symposium on Discrete Algorithms (SODA)}}

@string{tdke = {IEEE Trans.\ Knowledge and Data Engineering}}

@string{uai = {Proc. Conf.\ on Uncertainty in Artificial Intelligence (UAI)}}


@book{dechter03constraint,
	Author = {Rina Dechter},
	Date-Added = {2012-05-21 02:07:14 +0000},
	Date-Modified = {2012-05-21 02:07:14 +0000},
	Publisher = {Morgan Kaufmann},
	Title = {Constraint Processing},
	Year = 2003}

@book{osborne04introduction,
	Author = {Osborne, Martin J.},
	Date-Added = {2012-05-21 02:06:35 +0000},
	Date-Modified = {2012-05-21 02:06:35 +0000},
	Publisher = {Oxford},
	Title = {An Introduction to Game Theory},
	Year = {2004}}

@incollection{nau02adversarial,
	Author = {Dana S. Nau},
	Booktitle = {Encyclopedia of Cognitive Science},
	Date-Added = {2012-05-21 02:06:06 +0000},
	Date-Modified = {2012-05-21 02:06:06 +0000},
	Note = {Preliminary version: \url{http://www.cs.umd.edu/~nau/papers/nau02adversarial.pdf}},
	Publisher = {Nature Publishing Group.},
	Title = {Adversarial Search},
	Year = {2002}}

@article{stene:airtg,
	Author = {Sindre Berg Stene},
	Date-Added = {2012-05-21 02:04:06 +0000},
	Date-Modified = {2012-05-21 02:04:06 +0000},
	Journal = {Institutt for datateknikk og informasjonsvitenskap},
	Title = {{Artificial Intelligence Techniques in Real-Time Strategy Games - Architecture and Combat Behavior}},
	Year = {2006}}

@inproceedings{weiss06global,
	Author = {Bernhard Weiss and Michael Naderhirn and Luigi del Re},
	Booktitle = {Proc. IEEE Internat. Symp. on Intelligent Control},
	Date-Added = {2012-05-21 02:03:50 +0000},
	Date-Modified = {2012-05-21 02:03:50 +0000},
	Month = {oct},
	Title = {Global Real-Time Path Planning for UAVs in Uncertain Environment},
	Year = {2006}}

@inproceedings{gutmann05real-time,
	Author = {Jens-Steffen Gutmann and Masaki Fukuchi and Masahiro Fujita},
	Bibsource = {DBLP, http://dblp.uni-trier.de},
	Booktitle = {IJCAI},
	Date-Added = {2012-05-21 02:03:34 +0000},
	Date-Modified = {2012-05-21 02:03:34 +0000},
	Ee = {http://www.ijcai.org/papers/0974.pdf},
	Pages = {1232-1237},
	Title = {Real-Time Path Planning for Humanoid Robot Navigation},
	Year = {2005}}

@incollection{sherback63real-time,
	Author = {Sherback, M. and Purwin, O. and D'Andrea, R.},
	Booktitle = {Lecture Notes in Control and Information Sciences},
	Date-Added = {2012-05-21 02:03:27 +0000},
	Date-Modified = {2012-05-21 02:03:27 +0000},
	Pages = {245-263},
	Publisher = {Springer},
	Title = {Real-time motion planning and control in the 2005 Cornell RoboCup system},
	Volume = {335},
	Year = {2006}}

@techreport{nau00mshop,
	Author = {Dana S. Nau and Cao, Yue and Lotem, Amnon and H{\'e}ctor Mu{\~n}oz-Avila},
	Date-Added = {2012-05-21 02:00:16 +0000},
	Date-Modified = {2012-05-21 02:00:49 +0000},
	Institution = {University of Maryland},
	Month = jun,
	Number = {CS TR 4157},
	Title = {{SHOP} and {M-SHOP}: Planning with Ordered Task Decomposition},
	Url = {http://www.cs.umd.edu/~nau/papers/shop-mshop-2000.pdf},
	Year = {2000},
	Bdsk-Url-1 = {http://www.cs.umd.edu/~nau/papers/shop-mshop-2000.pdf}}

@article{chandrasekaran97program,
	Author = {Chandrasekaran, R.},
	Date-Added = {2012-05-21 02:00:04 +0000},
	Date-Modified = {2012-05-21 02:00:04 +0000},
	Journal = {The Washington Post},
	Month = sep # {~15},
	Note = {Washington Business Section},
	Pages = {1, 15, 19},
	Title = {Program for a better bridge game: A college partnership aids industry research},
	Year = {1997}}

@article{gupta99sheet,
	Author = {Satyandra K. Gupta and D. A. Bourne},
	Date-Added = {2012-05-21 01:59:43 +0000},
	Date-Modified = {2012-05-21 01:59:43 +0000},
	Journal = {ASME's Journal of Manufacturing Science and Engineering},
	Month = nov,
	Pages = {689--694},
	Title = {Sheet metal bending: Generating shared setups},
	Volume = 121,
	Year = 1999}

@article{gupta98automated,
	Author = {Satyandra K. Gupta and D. A. Bourne and K. Kim and S. S. Krishanan},
	Date-Added = {2012-05-21 01:59:29 +0000},
	Date-Modified = {2012-05-21 01:59:29 +0000},
	Journal = {Journal of Manufacturing Systems},
	Number = 5,
	Pages = {338--360},
	Title = {Automated process planning for sheet metal bending operations},
	Volume = 17,
	Year = 1998}

@inproceedings{munoz-avila01sin,
	Address = {Seattle},
	Author = {H{\'e}ctor Mu{\~n}oz-Avila and David W. Aha and Dana S. Nau and Weber, Rosina and Breslow, Len and Yaman, Fusun},
	Booktitle = ijcai,
	Date-Added = {2012-05-21 01:58:30 +0000},
	Date-Modified = {2012-05-21 01:58:30 +0000},
	Month = aug,
	Title = {{SiN}: Integrating Case-based Reasoning with Task Decomposition},
	Url = {http://www.cs.umd.edu/~nau/papers/SiN-IJCAI-2001.pdf},
	Year = {2001},
	Bdsk-Url-1 = {http://www.cs.umd.edu/~nau/papers/SiN-IJCAI-2001.pdf}}

@article{Bui:02,
	Author = {Hung H. Bui and Svetha Venkatesh and Geoff West},
	Date-Added = {2012-05-21 01:57:24 +0000},
	Date-Modified = {2012-05-21 01:57:24 +0000},
	Journal = JAIR,
	Pages = {451--499},
	Title = {Policy Recognition in the {Abstract Hidden Markov Model}},
	Volume = {17},
	Year = {2002}}

@phdthesis{kautz91:thesis,
	Author = {Henry Kautz},
	Date-Added = {2012-05-21 01:55:56 +0000},
	Date-Modified = {2012-05-21 01:55:56 +0000},
	School = {University of Rochester},
	Title = {A Formal Theory of Plan Recognition and its Implementation},
	Year = 1991}

@inproceedings{Dorit:05,
	Author = {Dorit Avrahami-Zilberbrand and Gal A. Kaminka},
	Booktitle = {Proceedings of the International Joint Conference on Artificial Intelligence},
	Date-Added = {2012-05-21 01:54:41 +0000},
	Date-Modified = {2012-05-21 01:54:41 +0000},
	Title = {Fast and Complete Symbolic Plan Recognition},
	Year = {2005}}

@article{currie91o-plan,
	Author = {Currie, K. and Tate, A.},
	Date-Added = {2012-05-21 01:30:52 +0000},
	Date-Modified = {2012-05-21 01:30:52 +0000},
	Journal = ai,
	Number = {1},
	Pages = {49--86},
	Title = {{O}-{P}lan: The Open Planning Architecture},
	Volume = {52},
	Year = {1991}}

@article{kvarnstrom01talplanner,
	Author = {Jonas Kvarnstr{\"o}m and Patrick Doherty},
	Date-Added = {2012-05-21 01:30:44 +0000},
	Date-Modified = {2012-05-21 01:30:44 +0000},
	Journal = {Annals of Mathematics and Articial Intelligence},
	Pages = {119--169},
	Title = {{TAL}planner: A temporal logic based forward chaining planner},
	Volume = {30},
	Year = {2001}}

@article{bacchus00temporal,
	Author = {Fahiem Bacchus and Froduald Kabanza},
	Date-Added = {2012-05-21 01:30:36 +0000},
	Date-Modified = {2012-05-21 01:30:36 +0000},
	Journal = ai,
	Number = {1-2},
	Pages = {123--191},
	Title = {Using Temporal Logics to Express Search Control Knowledge for Planning},
	Url = {ftp://newlogos.uwaterloo.ca/pub/bacchus/BKTlplan.ps},
	Volume = {116},
	Year = {2000},
	Bdsk-Url-1 = {ftp://newlogos.uwaterloo.ca/pub/bacchus/BKTlplan.ps}}

@inproceedings{nau99shop,
	Author = {Dana S. Nau and Yue Cao and Amnon Lotem and H{\'e}ctor Mu{\~n}oz-Avila},
	Booktitle = ijcai,
	City = {Stockholm},
	Date-Added = {2012-05-21 01:30:24 +0000},
	Date-Modified = {2012-05-21 01:30:24 +0000},
	Editor = {Thomas Dean},
	Month = jul # {~31--} # aug # {~6},
	Pages = {968--973},
	Publisher = {Morgan Kaufmann},
	Title = {{SHOP}: Simple Hierarchical Ordered Planner},
	Url = {http://www.cs.umd.edu/~nau/papers/shop-ijcai99.pdf},
	Year = {1999},
	Bdsk-Url-1 = {http://www.cs.umd.edu/~nau/papers/shop-ijcai99.pdf}}

@article{nau05applications,
	Author = {D. Nau and T.-C. Au and O. Ilghami and U. Kuter and H. Mu{\~n}oz-Avila and J. W. Murdock and D. Wu and F. Yaman},
	Date-Added = {2012-05-21 01:30:16 +0000},
	Date-Modified = {2012-05-21 01:30:16 +0000},
	Journal = {{IEEE Intelligent Systems}},
	Month = {March--April},
	Number = 2,
	Pages = {34---41},
	Title = {{Applications of SHOP and SHOP2}},
	Volume = 20,
	Year = 2005}

@phdthesis{schattenberg09hybrid,
	Author = {Bernd Schattenberg},
	Date-Added = {2012-05-21 01:30:04 +0000},
	Date-Modified = {2012-05-21 01:30:04 +0000},
	Note = {URN: urn:nbn:de:bsz:289-vts-68953},
	School = {Ulm University, Institute of Artificial Intelligence},
	Title = {Hybrid Planning And Scheduling},
	Year = {2009}}

@book{sacerdoti77structure,
	Author = {Sacerdoti, E.},
	City = {New York},
	Date-Added = {2012-01-22 22:23:52 +0000},
	Date-Modified = {2012-01-22 22:23:52 +0000},
	Journal = {American Elsevier Publishing Company},
	Publisher = {American Elsevier},
	Title = {A Structure for Plans and Behavior},
	Year = {1977}}

@inproceedings{IwanLakemeyer2003,
	Author = {Iwan, G. and Lakemeyer, G.},
	Booktitle = {KI-03},
	Date-Added = {2012-01-22 22:12:07 +0000},
	Date-Modified = {2012-01-22 22:12:38 +0000},
	Title = {What Observations Really Tell Us},
	Year = {2003}}

@inproceedings{Mcilraith_explanatorydiagnosis,
	Author = {Sheila A. Mcilraith},
	Booktitle = {KR-98},
	Date-Added = {2012-01-22 22:12:00 +0000},
	Date-Modified = {2012-01-22 22:12:00 +0000},
	Title = {Explanatory Diagnosis: Conjecturing Actions to Explain Observations},
	Year = {1998}}

@inproceedings{warfield07adaptation,
	Author = {I. Warfield and C. Hogg and S. Lee-Urban and H. Munoz-Avila},
	Booktitle = {FLAIRS-2007},
	Date-Added = {2012-01-22 22:10:35 +0000},
	Date-Modified = {2012-01-22 22:10:35 +0000},
	Title = {Adaptation of Hierarchical Task Network Plans},
	Year = 2007}

@inproceedings{Moldenhauer09Optimal,
	Author = {Carsten Moldenhauer and Nathan R. Sturtevant},
	Booktitle = {AAMAS-09},
	Date-Added = {2012-01-22 22:04:04 +0000},
	Date-Modified = {2012-01-22 22:04:04 +0000},
	Title = {Optimal Solutions for Moving Target Search (Extended Abstract)},
	Year = {2009},
	Bdsk-File-1 = {YnBsaXN0MDDUAQIDBAUIJidUJHRvcFgkb2JqZWN0c1gkdmVyc2lvblkkYXJjaGl2ZXLRBgdUcm9vdIABqAkKFRYXGyIjVSRudWxs0wsMDQ4RFFpOUy5vYmplY3RzV05TLmtleXNWJGNsYXNzog8QgASABqISE4ACgAOAB1lhbGlhc0RhdGFccmVsYXRpdmVQYXRo0hgNGRpXTlMuZGF0YU8RAXgAAAAAAXgAAgAADE1hY2ludG9zaCBIRAAAAAAAAAAAAAAAAAAAAMmnTw9IKwAAAA0/3w1DX1NQXzA2ODAucGRmAAAAAAAAAAAAAAAAAAAAAAAAAAAAAAAAAAAAAAAAAAAAAAAAAAAAAAAAAAAAAAAAAAAADUmqxnEkJgAAAAAAAAAAAAQAAgAACSAAAAAAAAAAAAAAAAAAAAAIcmVhZGluZ3MAEAAIAADJp4dPAAAAEQAIAADGcVxmAAAAAQAMAA0/3wAJHjUAAJg5AAIAM01hY2ludG9zaCBIRDpVc2VyczoAdWt1dGVyOgByZWFkaW5nczoAQ19TUF8wNjgwLnBkZgAADgAcAA0AQwBfAFMAUABfADAANgA4ADAALgBwAGQAZgAPABoADABNAGEAYwBpAG4AdABvAHMAaAAgAEgARAASACNVc2Vycy91a3V0ZXIvcmVhZGluZ3MvQ19TUF8wNjgwLnBkZgAAEwABLwAAFQACAA3//wAAgAXSHB0eH1gkY2xhc3Nlc1okY2xhc3NuYW1lox8gIV1OU011dGFibGVEYXRhVk5TRGF0YVhOU09iamVjdF8QIi4uLy4uLy4uLy4uL3JlYWRpbmdzL0NfU1BfMDY4MC5wZGbSHB0kJaIlIVxOU0RpY3Rpb25hcnkSAAGGoF8QD05TS2V5ZWRBcmNoaXZlcgAIABEAFgAfACgAMgA1ADoAPABFAEsAUgBdAGUAbABvAHEAcwB2AHgAegB8AIYAkwCYAKACHAIeAiMCLAI3AjsCSQJQAlkCfgKDAoYCkwKYAAAAAAAAAgEAAAAAAAAAKAAAAAAAAAAAAAAAAAAAAqo=}}

@article{ishida2002moving,
	Author = {Ishida, T. and Korf, RE},
	Date-Added = {2012-01-22 22:03:48 +0000},
	Date-Modified = {2012-01-22 22:03:48 +0000},
	Journal = {Pattern Analysis and Machine Intelligence, IEEE Transactions on},
	Number = {6},
	Pages = {609--619},
	Publisher = {IEEE},
	Title = {{Moving-target search: a real-time search for changing goals}},
	Volume = {17},
	Year = {2002},
	Bdsk-File-1 = {YnBsaXN0MDDUAQIDBAUIJidUJHRvcFgkb2JqZWN0c1gkdmVyc2lvblkkYXJjaGl2ZXLRBgdUcm9vdIABqAkKFRYXGyIjVSRudWxs0wsMDQ4RFFpOUy5vYmplY3RzV05TLmtleXNWJGNsYXNzog8QgASABqISE4ACgAOAB1lhbGlhc0RhdGFccmVsYXRpdmVQYXRo0hgNGRpXTlMuZGF0YU8RAbgAAAAAAbgAAgAADE1hY2ludG9zaCBIRAAAAAAAAAAAAAAAAAAAAMmnTw9IKwAAAA0/3x1Jc2hpZGEgMTk5NSBNb3ZpbmctVGFyZ2V0LnBkZgAAAAAAAAAAAAAAAAAAAAAAAAAAAAAAAAAAAAAAAAAAAAAADUo2yOHP+QAAAAAAAAAAAAQAAgAACSAAAAAAAAAAAAAAAAAAAAAIcmVhZGluZ3MAEAAIAADJp4dPAAAAEQAIAADI4gg5AAAAAQAMAA0/3wAJHjUAAJg5AAIAQ01hY2ludG9zaCBIRDpVc2VyczoAdWt1dGVyOgByZWFkaW5nczoASXNoaWRhIDE5OTUgTW92aW5nLVRhcmdldC5wZGYAAA4APAAdAEkAcwBoAGkAZABhACAAMQA5ADkANQAgAE0AbwB2AGkAbgBnAC0AVABhAHIAZwBlAHQALgBwAGQAZgAPABoADABNAGEAYwBpAG4AdABvAHMAaAAgAEgARAASADNVc2Vycy91a3V0ZXIvcmVhZGluZ3MvSXNoaWRhIDE5OTUgTW92aW5nLVRhcmdldC5wZGYAABMAAS8AABUAAgAN//8AAIAF0hwdHh9YJGNsYXNzZXNaJGNsYXNzbmFtZaMfICFdTlNNdXRhYmxlRGF0YVZOU0RhdGFYTlNPYmplY3RfEDIuLi8uLi8uLi8uLi9yZWFkaW5ncy9Jc2hpZGEgMTk5NSBNb3ZpbmctVGFyZ2V0LnBkZtIcHSQloiUhXE5TRGljdGlvbmFyeRIAAYagXxAPTlNLZXllZEFyY2hpdmVyAAgAEQAWAB8AKAAyADUAOgA8AEUASwBSAF0AZQBsAG8AcQBzAHYAeAB6AHwAhgCTAJgAoAJcAl4CYwJsAncCewKJApACmQLOAtMC1gLjAugAAAAAAAACAQAAAAAAAAAoAAAAAAAAAAAAAAAAAAAC+g==}}

@inproceedings{alford09translating,
	Author = {Ron Alford and Ugur Kuter and Dana S. Nau},
	Booktitle = ijcai,
	Date-Added = {2012-01-22 21:59:10 +0000},
	Date-Modified = {2012-01-22 21:59:10 +0000},
	Month = {July},
	Title = {Translating {HTNs} to {PDDL}: A Small Amount of Domain Knowledge Can Go a Long Way},
	Url = {http://www.cs.umd.edu/~nau/papers/alford09translating.pdf},
	Year = {2009},
	Bdsk-Url-1 = {http://www.cs.umd.edu/~nau/papers/alford09translating.pdf}}

@book{russell03artificial,
	Address = {Upper Saddle River, NJ},
	Author = {Stuart Russell and Peter Norvig},
	Date-Added = {2012-01-22 21:57:47 +0000},
	Date-Modified = {2012-01-22 21:57:48 +0000},
	Publisher = {Prentice-Hall},
	Title = {Artificial Intelligence, A Modern Approach (Second Edition)},
	Year = {2003}}

@inproceedings{georgeff89decision-making,
	Author = {M.P. Georgeff and F.F. Ingrand},
	Booktitle = ijcai,
	Date-Added = {2012-01-22 21:57:35 +0000},
	Date-Modified = {2012-01-22 21:57:35 +0000},
	Title = {Decision-Making in an Embedded Reasoning System},
	Year = 1989}

@inproceedings{ayan07hotride,
	Author = {F. Ayan and Ugur Kuter and Fusun Yaman and Robert P. Goldman},
	Booktitle = {ICAPS-07 Workshop on Planning and Plan Execution for Real-World Systems},
	Date-Added = {2012-01-22 21:57:14 +0000},
	Date-Modified = {2012-01-22 21:57:14 +0000},
	Title = {{HOTRiDE: Hierarchical Ordered Task Replanning in Dynamic Environments}},
	Year = {2007}}

@inproceedings{bernard98design,
	Author = {D. Bernard and G. Dorais and C. Fry and E. Jr and B. Kanefsky and J. Kurien and W. Millar and N. Muscettola and P. Nayak and B. Pell and K. Rajan and N. Rouquette and B. Smith and B. Williams},
	Booktitle = {IEEE Aerospace Conference},
	Date-Added = {2012-01-22 21:57:00 +0000},
	Date-Modified = {2012-01-22 21:57:00 +0000},
	Title = {Design of the remote agent experiment for spacecraft autonomy},
	Year = {1998}}

@inproceedings{verfaillie94solution,
	Author = {G. Verfaillie and T. Schiex},
	Booktitle = aaai,
	Date-Added = {2012-01-22 21:56:48 +0000},
	Date-Modified = {2012-01-22 21:56:48 +0000},
	Pages = {307--312},
	Title = {Solution reuse in dynamic constraint satisfaction problems},
	Year = 1994}

@inproceedings{schoppers87universal,
	Author = {Marcel Schoppers},
	Booktitle = ijcai,
	Date-Added = {2012-01-22 21:56:35 +0000},
	Date-Modified = {2012-01-22 21:56:35 +0000},
	Pages = {1039--1046},
	Title = {Universal Plans for Reactive Robots in Unpredictable Environments},
	Year = 1987}

@inproceedings{yoon07ffreplan,
	Author = {Sungwook Yoon and Alan Fern and Robert Givan},
	Booktitle = {ICAPS-07},
	Date-Added = {2012-01-22 21:56:14 +0000},
	Date-Modified = {2012-01-22 21:56:14 +0000},
	Title = {{FF-Replan}: A Baseline for Probabilistic Planning},
	Year = {2007}}

@article{kambhampati92priar,
	Author = {S. Kambhampati and J. A. Hendler},
	Date-Added = {2012-01-22 21:54:40 +0000},
	Date-Modified = {2012-01-22 21:54:40 +0000},
	Journal = ai,
	Pages = {193--258},
	Title = {A Validation-Structure-Based Theory of Plan Modification and Reuse},
	Volume = {55},
	Year = {1992}}

@article{bryant92symbolic,
	Author = {Randal E. Bryant},
	Journal = {ACM Computing Surveys},
	Number = {3},
	Pages = {293--318},
	Title = {Symbolic Boolean manipulation with ordered binary-decision diagrams},
	Volume = {24},
	Year = {1992}}

@inproceedings{Bulitko05Speeding,
	Author = {Vadim Bulitko and Nathan Sturtevant and Maryia Kazakevich},
	Booktitle = {AAAI},
	Title = {Speeding Up Learning in Real-time Search via Automatic State Abstraction},
	Year = {2005}}

@inproceedings{Koenig99Exploring,
	Author = {Sven Koenig},
	Booktitle = {Proceedings of the Neural Information Processing Systems},
	Title = {Exploring Unknown Environments with Real-Time Search or Reinforcement Learning},
	Year = {1999}}

@article{Felner09PHAstar,
	Author = {Ariel Felner and Roni Stern and Asaph Ben-Yair and Sarit Karus and Nathan Netanyahu},
	Journal = {JAIR},
	Title = {PHA*: Find the Shortest Path with A* in an Unknown Physical Environment},
	Year = {2004}}

@article{tomlin00game-theoretic,
	Author = {C. Tomlin and J. Lygeros and Shankar Sastry},
	Journal = {IEEE Proceedings},
	Month = {July},
	Number = 7,
	Title = {A Game Theoretic Approach to Controller Design for Hybrid Systems},
	Volume = 88,
	Year = 2000}

@article{Meuleau09Heuristic,
	Author = {Nicolas Meuleau and Emmanuel Benazera and Ronen Brafman and Eric A. Hansen and Mausam},
	Journal = {JAIR},
	Title = {A Heuristic Search Approach to Planning with Continuous Resources in Stochastic Domains},
	Volume = {34},
	Year = {2009}}

@article{Gerevini08Approach,
	Author = {Alfonso Gerevini and Alessandro Saetti and Ivan Serina},
	Journal = {Artificial Intelligence},
	Number = {8--9},
	Title = {An Approach to Efficient Planning with Numerical Fluents and Multi-Criteria Plan Quality},
	Volume = {172},
	Year = {2008}}

@article{schaft00intro,
	Author = {A. van der Schaft and H. Schumacher},
	Journal = {Lecture Notes in Control and Information Sciences},
	Title = {An Introduction to Hybrid Dynamical Systems},
	Volume = {251},
	Year = 2000}

@inproceedings{mausam06challenges,
	Author = {Mausam and D. Weld},
	Booktitle = {ICAPS-06},
	Title = {Challenges for Temporal Planning with Uncertain Durations},
	Year = {2006}}

@article{tomlin03computational,
	Author = {C. Tomlin and I. Mitchell and A. Bayen and M. Oishi},
	Journal = {IEEE Proceedings},
	Month = {July},
	Number = 7,
	Title = {Computational Techniques for the Verification and Control of Hybrid Systems},
	Volume = 91,
	Year = 2003}

@article{lygeros99controllers,
	Author = {J. Lygeros and C. Tomlin and Shankar Sastry},
	Journal = {Automatica},
	Month = {March},
	Number = 3,
	Title = {Controllers for Reachability Specifications for Hybrid Systems},
	Volume = 35,
	Year = 1999}

@inproceedings{Biundo04Dealing,
	Author = {Susanne Biundo and Roland Holzer and Bernd Schattenberg},
	Booktitle = {4th International Workshop on Planning and Scheduling for Space},
	Title = {Dealing with Continuous Resources in AI Planning},
	Year = {2004}}

@inproceedings{shakernia00decidable,
	Author = {O. Shakernia and G.J. Pappas and S.S. Sastry},
	Booktitle = {Hybrid Systems: Computation and Control (LNCS 1790)},
	Title = {Decidable Controller Synthesis for Classes of Linear Systems},
	Year = 2000}

@inproceedings{branicky08hybrid,
	Author = {M. S. Branicky and S. R. Chhatpar},
	Title = {Hybrid Systems: Learning, Planning, and Control},
	Year = {2001}}

@article{Fox06Modelling,
	Author = {M. Fox and D. Long},
	Journal = {JAIR},
	Title = {Modelling Mixed Discrete-Continuous Domains for Planning},
	Volume = {27},
	Year = {2006}}

@misc{Atkin00Planning,
	Author = {Marc Atkin and David Westbrook and Paul R. Cohen},
	Title = {Planning in Continuous Adversarial Domains},
	Year = {2000}}

@inproceedings{Mausam05Planning,
	Author = {Mausam and Emmanuel Benazera and Ronen Brafman and Nicolas Meuleau and Eric A. Hansen},
	Booktitle = {IJCAI-05},
	Title = {Planning with Continuous Resources in Stochastic Domains},
	Year = {2005}}

@inproceedings{Coles08Planning,
	Author = {A. J. Coles and A. I. Coles and M. Fox and D. Long},
	Booktitle = {Proceedings of the 27th Workshop of the UK Planning and Scheduling Special Interest Group (PlanSIG 2008)},
	Title = {Planning with Linear Continuous Numeric Change},
	Year = {2008}}

@techreport{Forbes00Practical,
	Author = {Jeffrey Forbes and David Andre},
	Institution = {Computer Science Division (EECS), University of California, Berkeley},
	Title = {Practical Reinforcement Learning in Continuous Domains},
	Year = {2000}}

@inproceedings{Bowling03Simultaneous,
	Author = {Michael Bowling and Manuela Veloso},
	Booktitle = {IJCAI},
	Title = {Simultaneous Adversarial Multi-Robot Learning},
	Year = {2003}}

@article{Korf90RTHS,
	Author = {Richard Korf},
	Journal = {Artificial Intelligence},
	Title = {Real-Time Heuristic Search},
	Year = {1990}}

@inproceedings{Musliner08Circa,
	Author = {D. J. Musliner and M. J. Pelican and R. P. Goldman and K. D. Krebsbach and E. H. Durfee},
	Booktitle = {AAAI Spring Symposium},
	Title = {The Evolution of CIRCA, a Theory-Based AI Architecture with Real-Time Performance Guarantees},
	Year = {2008}}

@article{Nau2005,
	Author = {Dana S. Nau and Tsz-Chiu Au and Okhtay Ilghami and Ugur Kuter and Hector Munoz-Avila and J. William Murdock and Dan Wu and Fusun Yaman},
	Journal = {IEEE Intelligent Systems},
	Number = {2},
	Pages = {34--41},
	Title = {Applications of {SHOP} and {SHOP}2},
	Volume = {20},
	Year = 2005}

@inproceedings{munoz-avila07case-based,
	Author = {H. Munoz-Avila and M. T. Cox},
	Title = {Case-Based Plan Adaptation: An Analysis and Review},
	Year = {2007}}

@inproceedings{cushing07replanning:,
	Author = {W. Cushing and S. Kambhampati},
	Title = {Replanning: A New Prespective},
	Year = {2005}}

@inproceedings{fox06plan,
	Author = {M. Fox and A. Gerevini and D. Long and I. Serina},
	Booktitle = {ICAPS},
	Title = {Plan Stability: Replanning versus Plan Repair},
	Year = {2006}}

@inproceedings{kambhampati98hybrid,
	Author = {Subbarao Kambhampati and Amol Mali and Biplav Srivastava},
	Booktitle = {AAAI},
	Title = {Hybrid Planning for Partially Hierarchical Domains},
	Year = {1998}}

@inproceedings{au08synthesis,
	Author = {T-.C. Au and S. Kraus and D. Nau},
	Booktitle = {AAMAS},
	Title = {Synthesis of Strategies from Interaction Traces},
	Year = {2008}}

@inproceedings{bulitko07lookahead,
	Author = {V. Bulitko and L. Li and R. Greiner and I. Levner},
	Booktitle = {IJCAI},
	Title = {Lookahead Pathologies for Single Agent Search},
	Year = {2007}}

@inproceedings{bresina06mission,
	Author = {J. L. Bresina and P. H. Morris},
	Booktitle = {2nd IEEE International Conference on Space Mission Challenges for Information Technology (SMC-IT'06) 2nd IEEE International Conference on Space Mission Challenges for Information Technology},
	Title = {Mission Operations Planning: Beyond MAPGEN},
	Year = {2006}}

@inproceedings{nigenda05planning,
	Author = {R.S. Nigenda and S. Kambhampati},
	Booktitle = {ICAPS-05},
	Title = {Planning Graph Heuristics for Selecting Objectives Planning Graph Heuristics for Selecting Objectives in Over-subscription Planning Problems},
	Year = {2005}}

@inproceedings{bulitko07dynamic,
	Author = {Vadim Bulitko and Yngvi Bjornsson and Mitja Lustrek and Jonathan Schaeffer and Sverrir Sigmundarson},
	Booktitle = {icaps},
	Title = {Dynamic Control in Path-Planning with Real-Time Heuristic Search},
	Year = {2007}}

@inproceedings{feng03symbolic,
	Author = {Z. Feng and E. Hansen and S. Zilberstein},
	Booktitle = {UAI-03},
	Title = {Symbolic Generalization for On-Line Planning},
	Year = {2003}}

@article{bryce06planning,
	Author = {D. Bryce and S. Kambhampati and D. E. Smith},
	Journal = jair,
	Pages = {35--99},
	Title = {{Planning Graph Heuristics for Belief Space Search}},
	Volume = 26,
	Year = 2006}

@inproceedings{bouguerra04hierarchical,
	Author = {A. Bouguerra and L. Karlsson},
	Booktitle = {3rd Italian Workshop on Planning and Scheduling (AI*IA-04).},
	Title = {Hierarchical task planning under uncertainty},
	Year = {2004}}

@inproceedings{baier07exploiting,
	Author = {Jorge Baier and Christian Fritz and Sheila McIlraith},
	Booktitle = icaps,
	Title = {Exploiting Procedural Domain-Specific Control Knowledge in State-of-the-Art Planners},
	Year = 2007}

@inproceedings{hoang05hierarchical,
	Author = {Hoang, H. and Lee-Urban, S. and Mu{\~n}oz-Avila, H.},
	Booktitle = {Proc. Artificial Intelligence and Interactive Digital Entertainment Conference (AIIDE-05)},
	Publisher = {AAAI Press},
	Title = {Hierarchical Plan Representations for Encoding Strategic Game AI},
	Year = 2005}

@inproceedings{kelly07planning,
	Author = {John-Paul Kelly and Adi Botea and Sven Koenig},
	Booktitle = {Proceedings of the ICAPS-07 Workshop on Planning in Games},
	Title = {Planning with Hierarchical Task Networks in Video Games},
	Year = 2007}

@article{samuel67some,
	Author = {A. L. Samuel},
	Journal = {IBM Journal of Research and Development},
	Pages = {601--617},
	Title = {Some Studies in Machine Learning Using the Game of Checkers},
	Volume = {2},
	Year = {1967}}

@article{wilkins82knowledge,
	Author = {David E. Wilkins},
	Journal = ai,
	Pages = {1--51},
	Title = {Using Knowledge to Control Tree Searching},
	Volume = {18},
	Year = {1982}}

@techreport{abramson88learning,
	Address = {Los Angeles},
	Author = {Bruce Abramson},
	Institution = {University of Southern California},
	Month = {February},
	Number = {B-4-2},
	Title = {On Learning and Testing Evaluation Functions},
	Year = {1988}}

@incollection{carbonell90prodigy,
	Author = {Carbonell, J. and Knoblock, C. and Minton, S.},
	Crossref = {lehn90architectures},
	Title = {{PRODIGY} : An integrated architecture for planning and learning},
	Year = 1990}

@inproceedings{estlin03learning,
	Author = {T. Estlin and R. Castano and B. Anderson and D. Gaines and F. Fisher and M. Judd},
	Booktitle = ijcai,
	Title = {Learning and Planning for Mars Rover Science},
	Year = 2003}

@phdthesis{estlin98multi-strategy,
	Author = {T. Estlin},
	School = {Department of Computer Sciences, University of Texas at Austin},
	Title = {Using Multi-Strategy Learning to Improve Planning Efficiency and Quality},
	Year = 1998}

@inproceedings{estlin97learning,
	Address = {Nagoya, Japan},
	Author = {Tara A. Estlin and Raymond J. Mooney},
	Booktitle = ijcai,
	Pages = {1227--1232},
	Title = {Learning to Improve both Efficiency and Quality of Planning},
	Year = 1997}

@inproceedings{gil93learning,
	Address = {Washington, DC},
	Author = {Y. Gil},
	Booktitle = {Proceedings of the AAAI Workshop on Learning Action Models},
	Title = {Learning New Planning Operators by Exploration and Experimentation},
	Year = 1993}

@book{hammond89,
	Address = {New York},
	Author = {Hammond, K. J.},
	Publisher = {Academic Press},
	Title = {Case-Based Planning: viewing learning as a memory task},
	Year = 1989}

@inproceedings{hammond86learning,
	Author = {Hammond, K. J.},
	Booktitle = aaai,
	Title = {Learning to anticipate and avoid planning problems through the explanation of failures},
	Year = 1986}

@inproceedings{hill94knowledge,
	Author = {R. Hill and K. Fayyad and P. Santos and K. Sturdevant},
	Booktitle = {Working Notes of AAAI-94 Fall Symposium Series, Planning and Learning: On to Real Applications},
	Month = {November 4-6},
	Publisher = {AAAI Press},
	Title = {Knowledge acquisition and reactive planning for the Deep Space Network},
	Year = 1994}

@inproceedings{hogg07learning,
	Author = {Chad Hogg and Hector Munoz-Avila},
	Booktitle = {Proceedings of the ICAPS-07 Workshop on AI Planning and Learning},
	Title = {Learning Hierarchical Task Networks from Plan Traces},
	Year = 2007}

@inproceedings{ilghami02camel,
	Address = {Toulouse, France},
	Author = {Okhtay Ilghami and Dana S. Nau and Hector Mu{\~n}oz-Avila and David W. Aha},
	Booktitle = {Proceedings of the Sixth International Conference on AI Planning and Scheduling},
	Month = {April},
	Pages = {131-142},
	Publisher = {AAAI Press},
	Title = {{CaMeL}: Learning Method Preconditions for {HTN} Planning},
	Year = 2002}

@inproceedings{ilghami05learning2,
	Address = {Bonn, Germany},
	Author = {Okhtay Ilghami and Hector Mu{\~n}oz-Avila and Dana S. Nau and David W. Aha},
	Booktitle = icml,
	Month = aug,
	Title = {Learning Approximate Preconditions for Methods in Hierarchical Plans},
	Year = 2005}

@article{ilghami05learning1,
	Author = {Okhtay Ilghami and Dana S. Nau and Hector Mu{\~n}oz-Avila and David W. Aha},
	Journal = {Computational Intelligence},
	Month = nov,
	Number = 4,
	Pages = {388-413},
	Title = {Learning Preconditions for Planning from Plan Traces and {HTN} Structure},
	Volume = 21,
	Year = 2005}

@inproceedings{ilghami06learning,
	Address = {Cumbria, UK},
	Author = {Okhtay Ilghami and Dana S. Nau and Hector Mu{\~n}oz-Avila},
	Booktitle = {Proceedings of the Sixteenth International Conference on AI Planning and Scheduling},
	Month = {June},
	Publisher = {AAAI Press},
	Title = {Learning to Do {HTN} Planning},
	Year = 2006}

@article{kambhampati98relations,
	Author = {Subbarao Kambhampati},
	Journal = ai,
	Number = {1-2},
	Pages = {161--208},
	Title = {On the relations between intelligent backtracking and failure-driven explanation-based learning in constraint satisfaction and planning},
	Volume = 105,
	Year = 1998}

@inproceedings{kautukam94learning,
	Address = {Chamberry, France},
	Author = {S. Kautukam and S. Kambhampati},
	Booktitle = {Proceedings of the 12th National Conference on Artificial Intelligence},
	Title = {Learning Explanation-Based Search Control Rules for Partial-Order Planning},
	Year = 1994}

@inproceedings{knoblock90learning,
	Author = {Craig A. Knoblock},
	Booktitle = aaai,
	Pages = {923--928},
	Title = {Learning abstraction hierarchies for problem solving},
	Year = 1990}

@inproceedings{knoblock89learning,
	Author = {Craig A. Knoblock},
	Booktitle = {Proceedings of the Sixth International Workshop on Machine Learning},
	Title = {Learning Hierarchies of Abstraction Spaces},
	Year = {1989}}

@article{korf85macro-operators,
	Author = {Richard E. Korf},
	Journal = ai,
	Pages = {35--77},
	Title = {Macro-Operators: A Weak Method for Learning},
	Volume = {26},
	Year = {1985}}

@article{langley06learning,
	Author = {P. Langley and D. Choi},
	Journal = {{Journal of Machine Learning Research}},
	Pages = {493--518},
	Title = {Learning Recursive Control programs from problem solving},
	Volume = 7,
	Year = 2006}

@article{leckie98inductive,
	Author = {Christopher Leckie and Ingrid Zukerman},
	Journal = ai,
	Pages = {63--98},
	Title = {Inductive Learning of Search Control Rules for Planning},
	Volume = 101,
	Year = 1998}

@inproceedings{lent99learning,
	Address = {San Francisco, CA},
	Author = {Michael van Lent and John Laird},
	Booktitle = icml,
	Pages = {229--238},
	Publisher = {Morgan Kaufmann},
	Title = {Learning Hierarchical Performance Knowledge by Observation},
	Year = {1999}}

@article{minton89explanation-based,
	Author = {S. Minton and J. Carbonell and Craig A. Knoblock and C. Kuokka and O. Etioni and Y. Gill},
	Journal = ai,
	Pages = {63--118},
	Title = {Explanation-based learning: a problem solving perspective},
	Volume = 40,
	Year = 1989}

@techreport{minton88learning,
	Author = {S. Minton},
	Institution = {School of Computer Science, Carnegie Mellon University},
	Number = {TR CMU-CS-88-133},
	Title = {Learning Effective Search Control Knowledge: An Explanation-Based Approach},
	Year = {1988}}

@inproceedings{nejati06learning,
	Author = {Negin Nejati and Pat Langley and Tolga K{\"o}nik},
	Booktitle = {ICML},
	Title = {Learning hierarchical task networks by observation.},
	Year = {2006}}

@inproceedings{oates02,
	Address = {San Francisco, CA, USA},
	Author = {Tim Oates and Devina Desai and Vinay Bhat},
	Booktitle = {ICML '02: Proceedings of the Nineteenth International Conference on Machine Learning},
	Pages = {459--465},
	Publisher = {Morgan Kaufmann Publishers Inc.},
	Title = {Learning k-Reversible Context-Free Grammars from Positive Structural Examples},
	Year = {2002}}

@misc{parr98hierarchical,
	Author = {R. Parr},
	Title = {Hierarchical Control and learning for Markov decision processes},
	Year = {1998}}

@inproceedings{reddy97learning,
	Author = {Reddy, C. and Tadepalli, P.},
	Booktitle = icml,
	Title = {Learning Goal-Decomposition Rules using Exercises},
	Year = 1997}

@inproceedings{rossi02learning,
	Author = {F. Rossi and A. Sperduti and K.B. Venable and L. Khatib and P. Morris and R. Morris},
	Booktitle = cp,
	Title = {Learning and Solving Soft Temporal Constraints: An Experimental Study},
	Year = 2002}

@article{sakakibara92,
	Author = {Yasubumi Sakakibara},
	Journal = {Inf. Comput.},
	Number = {1},
	Pages = {23--60},
	Title = {Efficient learning of context-free grammars from positive structural examples},
	Volume = {97},
	Year = {1992}}

@inproceedings{smart02effective,
	Author = {B. Smart and L.P. Kaelbling},
	Booktitle = {International Conference on Robotics and Automation},
	Month = {May, 11--15},
	Title = {Effective Reinforcement Learning for Mobile Robots},
	Year = 2002}

@inproceedings{smart00practical,
	Author = {William D. Smart and Leslie Pack Kaelbling},
	Booktitle = {Proc. 17th International Conf. on Machine Learning},
	Pages = {903--910},
	Publisher = {Morgan Kaufmann, San Francisco, CA},
	Title = {Practical Reinforcement Learning in Continuous Spaces},
	Year = {2000}}

@inproceedings{smith83flexible,
	Author = {S. Smith},
	Booktitle = ijcai,
	Pages = {422-425},
	Title = {Flexible learning of problem solving heuristics through adaptive search},
	Year = 1983}

@article{sutton99between,
	Author = {Richard S. Sutton and Doina Precup and Satinder P. Singh},
	Journal = {Artificial Intelligence},
	Number = {1-2},
	Pages = {181-211},
	Title = {Between {MDPs} and Semi-{MDPs}: A Framework for Temporal Abstraction in Reinforcement Learning},
	Volume = {112},
	Year = {1999}}

@article{thrun98learning,
	Author = {S. Thrun},
	Journal = ai,
	Number = 1,
	Pages = {21--71},
	Title = {Learning metric-topological maps for indoor mobile robot navigation},
	Volume = 99,
	Year = 1998}

@unpublished{tsatsoulis89case-based,
	Author = {Costas Tsatsoulis and R.L. Kashyap},
	Note = {submitted to IEEE Transactions on Systems, Man, and Cybernetics},
	Title = {Case-Based Reasoning and Learning in Manufacturing with the TOLTEC Planner},
	Year = {1989}}

@article{tsitsiklis1996,
	Author = {Tsitsiklis, J. N. and Van Roy, B.},
	Journal = {Machine Learning},
	Pages = {59-94},
	Title = {Feature-Based Methods for Large-Scale Dynamic Programming},
	Volume = {22},
	Year = {1996}}

@inproceedings{vancza91genetic,
	Address = {Budapest, Hungary},
	Author = {Jozsef Vancza and Andras Markus},
	Booktitle = {Preprints of the First CIRP Workshop of Intelligent Manufacturing Systems Seminar on Learning in IMS},
	Month = {March},
	Pages = {329--348},
	Title = {Genetic Algorithms in Process Planning},
	Year = {1991}}

@article{veloso93,
	Author = {M. Veloso and J. Carbonell},
	Journal = {Machine Learning},
	Number = {10},
	Pages = {249--278},
	Title = {{Derivational analogy in PRODIGY: Automating case acquisition, Storage and Utilization}},
	Year = {1993}}

@article{veloso95,
	Author = {M. Veloso and J. Carbonell and A. P\'erez and D. Borrajo and E. Fink and J. Blythe},
	Journal = {Journal of Experimental and Theoretical Artificial Intelligence},
	Number = {1},
	Pages = {81-120},
	Title = {Integrating Planning and Learning: The {PRODIGY} Architecture},
	Volume = {7},
	Year = {1995}}

@article{veloso93derivational,
	Author = {Manuela M. Veloso and J. Carbonell},
	Journal = {Machine Learning},
	Number = {10},
	Pages = {249--278},
	Title = {Derivational analogy in {PRODIGY}: Automating case acquisition, Storage and Utilization},
	Year = {1993}}

@techreport{veloso92learning,
	Author = {Manuela M. Veloso},
	Institution = {School of Computer Science, Carnegie Mellon University},
	Number = {CMU-CS-92-174},
	Title = {Learning by Analogical Reasoning in General Problem Solving},
	Type = {PhD thesis},
	Year = {1992}}

@book{veloso94planning,
	Author = {Manuela M. Veloso},
	Publisher = {Springer-Verlag},
	Title = {Planning and learning by analogical reasoning},
	Year = 1994}

@phdthesis{watkins89learning,
	Author = {C.J.C.H. Watkins},
	School = {Kings College},
	Title = {Learning from delayed rewards},
	Type = {Ph.D. Dissertation},
	Year = {1989}}

@techreport{yaman07learning,
	Address = {Baltimore, MD},
	Author = {Fusun Yaman and Tim Oates},
	Institution = {University of Maryland Baltimore County},
	Month = {12},
	Number = {TR-CS-07-03},
	Title = {Learning hierarchical procedures using workflow inference},
	Year = {2007}}

@article{zimmerman03learning,
	Author = {Terry Zimmerman and Subbarao Kambhampati},
	Journal = {AI Mag.},
	Number = {2},
	Pages = {73--96},
	Title = {Learning-assisted automated planning: looking back, taking stock, going forward},
	Volume = {24},
	Year = {2003}}

@incollection{aarup94optimum-aiv,
	Author = {Aarup, M. and Arentoft, M. M. and Parrod, Y. and Stader, J. and Stokes, I.},
	Booktitle = {Intelligent Scheduling},
	Pages = {451--469},
	Publisher = {Morgan Kaufmann},
	Title = {{OPTIMUM-AIV}: A knowledge-based planning and scheduling system for spacecraft {AIV}},
	Year = {1994}}

@inproceedings{aiello01merging,
	Address = {Montreal, Canada},
	Author = {L. C. Aiello and A. Cesta and E. Giunchiglia and P. Traverso},
	Booktitle = {6th International Symposium on Artificial Intelligence, Robotics and Automation in Space: A New Space Odyssey (ISAIRAS01)},
	Month = jun,
	Title = {Merging Planning and Verification Techniques for "Safe Planning" in Space Robotics},
	Year = 2001}

@inproceedings{allen91planning,
	Author = {James F. Allen},
	Booktitle = kr,
	Title = {Planning as temporal reasoning},
	Year = 1991}

@inproceedings{allen83planning,
	Author = {James F. Allen and J. A. Koomen},
	Booktitle = ijcai,
	Title = {Planning using a Temporal World Model},
	Year = 1983}

@incollection{allen91temporal,
	Author = {James F. Allen},
	Crossref = {allen91reasoning},
	Pages = {1--68},
	Title = {Temporal Reasoning and Planning},
	Year = 1991}

@article{ambite01planning,
	Author = {J. Ambite and Craig A. Knoblock},
	Journal = jair,
	Pages = {207--261},
	Title = {Planning by Rewriting},
	Volume = 15,
	Year = 2001}

@inproceedings{ambros-ingerson88integrating,
	Author = {Ambros-Ingerson, J. A. and Steel S.},
	Booktitle = aaai,
	Title = {Integrating Planning, Execution and Monitoring},
	Year = 1988}

@inproceedings{anderson98conditional,
	Author = {Anderson, C. and Smith, D.E. and Weld, D.S.},
	Booktitle = aips,
	Pages = {44--53},
	Title = {Conditional effects in {G}raphplan},
	Year = 1998}

@techreport{andrews95um,
	Author = {Andrews, Scot and Kettler, Brian and Kutluhan Erol and James Hendler},
	Institution = {Dept. of Computer Science, University of Maryland},
	Number = {CS-TR-3487},
	Title = {UM Translog: A Planning Domain for the Development and Benchmarking of Planning Systems},
	Year = {1995}}

@article{au02derucp,
	Author = {Au, Tsz-Chiu and H{\'e}ctor Mu{\~n}oz-Avila and Dana S. Nau},
	Journal = ai,
	Month = mar,
	Title = {{DerUCP}: Derivational Analogy in an Universal Classical Planning Framework},
	Year = {2004}}

@inproceedings{au02complexity,
	Address = {Aberdeen, Scotland},
	Author = {Au, Tsz-Chiu and H\'ector Mu{\~n}oz-Avila and Dana S. Nau},
	Booktitle = eccbr,
	Month = {September 4-7},
	Pages = {13--27},
	Title = {On the Complexity of Plan Adaptation by Derivational Analogy in a Universal Classical Planning Framework},
	Year = {2002}}

@inproceedings{au07reactive,
	Author = {Tsz-Chiu Au and Dana Nau},
	Booktitle = {IEEE Symposium on Computational Intelligence and Data Mining (CIDM)},
	Title = {Reactive Query Policies: A Formalism for Planning with Volatile External Information},
	Year = 2007}

@inproceedings{au06incompleteness,
	Author = {Tsz-Chiu Au and Dana Nau},
	Booktitle = ecai,
	Month = aug,
	Title = {The Incompleteness of Planning with Volatile External Information},
	Year = 2006}

@inproceedings{au04utilizing,
	Author = {Tsz-Chiu Au and Dana Nau and V.S. Subrahmanian},
	Booktitle = ecai,
	Month = aug,
	Pages = {647-651},
	Title = {Utilizing Volatile External Information During Planning},
	Year = 2004}

@inproceedings{backstrom95planning,
	Author = {C. B\"ackstr\"om and P. Jonsson},
	Booktitle = ijcai,
	Pages = {1599--1604},
	Title = {Planning with Abstraction Hierarchies can be Exponentially Less Efficient},
	Year = 1995}

@article{backstrom95complexity,
	Author = {B\"ackstr\"om, Christer and Bernhard Nebel},
	Journal = ci,
	Number = 4,
	Pages = {1--34},
	Title = {Complexity Results for {SAS+} Planning},
	Volume = 11,
	Year = 1995}

@incollection{bacchus5,
	Author = {F. Bacchus and F. Kabanza},
	Booktitle = {New Directions in AI Planning},
	Editor = {M. Ghallab and A. Milani},
	Pages = {141--156},
	Publisher = {IOS Press (Amsterdam)},
	Title = {Using Temporal Logic to Control Search in a Forward Chaining Planner},
	Year = {1996}}

@article{bacchus00using,
	Author = {F. Bacchus and F. Kabanza},
	Journal = {Artificial Intelligence},
	Number = {1-2},
	Pages = {123-191},
	Title = {Using Temporal Logics to Express Search Control Knowledge for Planning},
	Volume = {116},
	Year = {2000}}

@misc{bacchus00aips-00,
	Author = {Fahiem Bacchus},
	Title = {{AIPS-00} Planning Competition},
	Year = {2000}}

@inproceedings{bacchus96,
	Address = {Menlo Park},
	Author = {Fahiem Bacchus and Froduald Kabanza},
	Booktitle = {Proceedings of the Thirteenth National Conference on Artificial Intelligence and the Eighth Innovative Applications of Artificial Intelligence Conference},
	Month = aug # {4--8~},
	Pages = {1215--1222},
	Publisher = {AAAI Press / MIT Press},
	Title = {Planning for Temporally Extended Goals},
	Year = {1996}}

@inproceedings{bacchus01,
	Author = {Fahiem Bacchus and Michael Ady},
	Booktitle = {IJCAI},
	Pages = {417-424},
	Title = {Planning with Resources and Concurrency: A Forward Chaining Approach},
	Year = {2001}}

@inproceedings{backstrom92equivalence,
	Author = {B{\"a}ckstr{\"o}m, Christer},
	Booktitle = kr,
	Title = {Equivalence and Tractability Results for {SAS}$^+$ Planning},
	Year = 1992}

@article{backstrom91planning,
	Author = {B{\"a}ckstr{\"o}m, Christer},
	Journal = ci,
	Pages = {181--197},
	Title = {Planning in polynomial time: the {SAS-PUB} class},
	Volume = 7,
	Year = 1991}

@inproceedings{baioletti98c-satplan,
	Author = {M. Baioletti and S. Marcugini and A. Milani},
	Booktitle = aips,
	Title = {{C-SATP}lan: A SATPlan-based tool for planning with constraints},
	Year = 1998}

@inproceedings{baioletti00dpplan,
	Author = {Baioletti, M. and Marcugini, S. and Milani, A.},
	Booktitle = aips,
	Pages = {13--21},
	Title = {{DPP}lan: An algorithm for fast solutions extraction from a planning graph},
	Year = 2000}

@inproceedings{knoblock02planning,
	Address = {Menlo Park, CA},
	Author = {Greg Barish and Craig A. Knoblock},
	Booktitle = {Proceedings of Sixth International Conference on Artificial Intelligence Planning and Scheduling ({AIPS} 2002)},
	Pages = {184--193},
	Publisher = {AAAI Press},
	Title = {Planning, Executing, Sensing, and Replanning for Information Gathering},
	Year = {2002}}

@article{barraquand91robot,
	Author = {J. Barraquand and J. C. Latombe},
	Journal = ijrr,
	Number = 6,
	Title = {Robot motion planning: a distributed representation approach},
	Volume = 10,
	Year = 1991}

@inproceedings{barrett93characterizing,
	Author = {A. Barrett and D. S. Weld},
	Booktitle = ijcai,
	Pages = {1388--1393},
	Title = {Characterizing subgoal interactions for planning},
	Year = 1993}

@article{barrett94partial,
	Author = {A. Barrett and D. S. Weld},
	Journal = ai,
	Number = 1,
	Pages = {71--112},
	Title = {Partial Order Planning: Evaluating Possible Efficiency Gains},
	Volume = 67,
	Year = 1994}

@phdthesis{barrett97frugal,
	Author = {Barrett, Anthony},
	School = {University of Washington},
	Title = {Frugal Hierarchical Task-Network Planning},
	Year = {1997}}

@techreport{barrett91effect,
	Author = {Anthony Barrett and Stephen Soderland and Daniel Weld},
	Institution = {Department of Computer Science and Engineering, University of Washington},
	Month = {June},
	Number = {91-05-06},
	Title = {The Effect of Step-Order Representations on Planning},
	Year = {1991}}

@inproceedings{beek99cplan,
	Author = {P. van Beek and X. Chen},
	Booktitle = bothai,
	Title = {CPlan: a constraint programming approach to planning},
	Year = 1999}

@inproceedings{beetz92declarative,
	Address = {San Mateo, CA},
	Author = {M. Beetz and Drew McDermott},
	Booktitle = aips,
	Editor = {James Hendler},
	Pages = {3--12},
	Publisher = {Morgan Kaufmann},
	Title = {Declarative Goals in Reactive Plans},
	Year = {1992}}

@inproceedings{beetz94improving,
	Author = {M. Beetz and Drew McDermott},
	Booktitle = aips,
	Title = {Improving Robot Plans During their Execution},
	Volume = 2,
	Year = 1994}

@article{berenji86use,
	Author = {Berenji, Hamid and Khoshnevis, Behrokh},
	Journal = {Computers in Mechanical Engineering},
	Month = {September},
	Pages = {47--55},
	Title = {Use of Artificial Intelligence In Automated Process Planning},
	Year = {1986}}

@article{bergmann95building,
	Author = {Bergmann, R. and Wilke, W.},
	Journal = jair,
	Pages = {53--118},
	Title = {Building and refining abstract planning cases by change of representation language},
	Volume = 3,
	Year = 1995}

@inproceedings{bertoli01planning,
	Address = {Seattle, USA},
	Author = {P. Bertoli and A. Cimatti and M. Roveri and P. Traverso},
	Booktitle = ijcai,
	Month = {August},
	Pages = {473--478},
	Publisher = {Morgan Kaufmann},
	Title = {Planning in Nondeterministic Domains under Partial Observability via Symbolic Model Checking},
	Year = {2001}}

@article{bertoli06strong,
	Author = {P. Bertoli and A. Cimatti and M. Roveri and P. Traverso},
	Journal = ai,
	Pages = {337--384},
	Title = {{Strong Planning under Partial Observability}},
	Volume = 170,
	Year = 2006}

@inproceedings{bib:Bertoli01MBP,
	Author = {Piergiorgio Bertoli and Alessandro Cimatti and Marco Pistore and Marco Roveri and Paolo Traverso},
	Booktitle = {Proceedings of ICAPS-2001 Workshop on Planning under Uncertainty and Incomplete Information},
	Month = {June},
	Pages = {93--97},
	Title = {MBP: a Model Based Planner},
	Year = {2001}}

@inproceedings{bessiere95ariadnes,
	Author = {P. Bessiere and J. Ahuactzin and E. Talbi and E. Mazer},
	Crossref = {goldberg95algorithmic},
	Pages = {39--47},
	Title = {The Ariadne's clew Algorithm: global planning with local methods},
	Year = 1995}

@inproceedings{bienkowski98integrating,
	Author = {Bienkowski, M.A. and Hoebel, L.J.},
	Booktitle = bothai,
	Pages = {561--566},
	Publisher = {AAAI Press},
	Title = {Integrating AI components for a military planning application},
	Year = {1998}}

@inproceedings{stephan93,
	Author = {S. Biundo and D. Dengler and J. Koehler},
	Booktitle = ijcai,
	Pages = {32--38},
	Publisher = {Morgan Kaufmann Publisher},
	Title = {A New Logical Framework for Deductive Planning},
	Year = 1993}

@inproceedings{biundo92deductive,
	Author = {S. Biundo and D. Dengler and Jana Koehler},
	Booktitle = ecai,
	Editor = {Wiley},
	Publisher = {Morgan Kaufmann Publisher},
	Title = {Deductive Planning and Plan Reuse in a Command Language Environment},
	Year = 1992}

@inproceedings{biundo01,
	Author = {S. Biundo and B. Schattenberg},
	Booktitle = {Proceedings of the European Conference on Planning},
	Title = {From Abstract Crisis to Concrete Relief. A Preliminary report on flexible integration on nonlinear and hierarchical planning},
	Year = 2001}

@article{blum97,
	Author = {Blum, A. and Frust, M.},
	Journal = {Artificial Intelligence},
	Number = {1--2},
	Pages = {281--300},
	Title = {Fast Planning through planning graph analysis},
	Volume = {90},
	Year = {1997}}

@article{blum95fast,
	Author = {A. L. Blum and M. L. Furst},
	Journal = ijcai,
	Pages = {1636--1642},
	Title = {Fast Planning Through Planning Graph Analysis},
	Year = 1995}

@inproceedings{blum99probabilistic,
	Author = {Blum, A.L. and Langford, J.C.},
	Booktitle = ecp,
	Pages = {319--332},
	Title = {Probabilistic Planning in the {G}raphplan Framework},
	Year = 1999}

@inproceedings{blythe94,
	Author = {J. Blythe},
	Booktitle = {In Proceedings of the Tenth Annual Conference on Uncertainty in Artificial Intelligence ({UAI}--94)},
	Pages = {94--101},
	Publisher = {Morgan-Kaufmann},
	Title = {Planning with External Events},
	Year = {1994}}

@article{blythe99,
	Author = {Jim Blythe},
	Journal = {Lecture Notes in Computer Science},
	Pages = {85--107},
	Title = {An Overview of Planning Under Uncertainty},
	Volume = {1600},
	Year = {1999}}

@inproceedings{bockmayr99integer,
	Author = {Alexander Bockmayr and Yannis Dimopoulos},
	Booktitle = ecp,
	Pages = {239--251},
	Title = {Integer Programs and Valid Inequalities for Planning Problems},
	Year = {1999}}

@inproceedings{bockmayr98b,
	Author = {Bockmayr, Alexander and Dimopoulos, Yannis},
	Booktitle = {CP'98 Workshop on Constraint Problem Reformulation.},
	Title = {{Mixed Integer Programming Models for Planning Problems}},
	Year = {1998}}

@inproceedings{boddy89solving,
	Author = {M. Boddy and Thomas L. Dean},
	Booktitle = ijcai,
	Pages = {979--984},
	Title = {Solving Time-Dependent Planning Problems},
	Year = 1989}

@inproceedings{bonet01gpt,
	Author = {B. Bonet and H. Geffner},
	Booktitle = ijcai,
	Pages = {82--87},
	Title = {{GPT}: a tool for planning with uncertainty and partial information},
	Year = {2001}}

@inproceedings{bonet03labeled,
	Author = {B. Bonet and H. Geffner},
	Booktitle = icaps,
	Pages = {12--21},
	Publisher = {AAAI Press},
	Title = {Labeled {RTDP}: Improving the Convergence of Real-Time Dynamic Programming},
	Year = 2003}

@article{bonet01planning,
	Author = {B. Bonet and H. Geffner},
	Journal = {Applied Intelligence},
	Number = {3},
	Pages = {237--252},
	Title = {Planning and Control in Artificial Intelligence: A Unifying Perspective},
	Volume = 14,
	Year = 2001}

@inproceedings{bonet99planning,
	Address = {Durham, UK},
	Author = {Bonet, B. and Geffner, H.},
	Booktitle = ecp,
	Pages = {360--372},
	Publisher = {Springer-Verlag},
	Title = {Planning as Heuristic Search: New Results},
	Year = {1999}}

@inproceedings{bonet00planning,
	Author = {B. Bonet and H. Geffner},
	Booktitle = aips,
	Editor = {Steve Chien and S. Kambhampati and C.A. Knoblock},
	Month = {April},
	Pages = {52--61},
	Publisher = {AAAI Press},
	Title = {Planning with Incomplete Information as Heuristic Search in Belief Space},
	Year = 2000}

@misc{bonet06ipc,
	Author = {Blai Bonet and Robert Givan},
	Title = {International Planning Competition -- Probabilistic Track},
	Year = {2006}}

@article{boutilier99,
	Author = {C. Boutilier and T. Dean and S. Hanks},
	Journal = {Journal of Artificial Intelligence Research},
	Pages = {1-94},
	Title = {Decision-Theoretic Planning: Structural Assumptions and Computational Leverage},
	Volume = {11},
	Year = {1999}}

@inproceedings{boutilier96planning,
	Author = {Craig Boutilier and Thomas L. Dean and S. Hanks},
	Booktitle = {New Directions in AI planning},
	Editor = {Ghallab and Milani},
	Pages = {157--171},
	Publisher = {IOS Press},
	Title = {Planning under Uncertainty: Structural Assumptions and Computational Leverage},
	Year = 1996}

@inproceedings{bradley99,
	Author = {Bradley, J. C. and Durfee, E. H..},
	Booktitle = {Proceedings of AAAI-99},
	Title = {{Theory for Coordinating Concurrent Hierarchical Planning Agents Using Summary Information}},
	Year = {1999}}

@inproceedings{brafman04conformant,
	Address = {Whistler, Canada},
	Author = {Ronen Brafman and J{\"o}rg Hoffmann},
	Booktitle = {"Proceedings of the 14th International Conference on Automated Planning and Scheduling (ICAPS-04)"},
	Publisher = {Morgan Kaufmann},
	Title = {{Conformant Planning via Heuristic Forward Search: A New Approach}},
	Year = 2004}

@inproceedings{bresina93design,
	Author = {John L. Bresina},
	Booktitle = {Foundations of Automatic Planning: The Classical Approach and Beyond: Papers from the 1993 {AAAI} Spring Symposium},
	Pages = {5--9},
	Publisher = {AAAI Press, Menlo Park, California},
	Title = {Design of a Reactive System Based on Classical Planning},
	Year = {1993}}

@inproceedings{brooks87x-cut,
	Address = {Boston, MA},
	Author = {S.L. Brooks and Keith E. Hummel and M.L. Wolf},
	Booktitle = {ASME Symposium on Integrated and Intelligent Manufacturing},
	Month = {December},
	Title = {X-CUT: A Rule-Based Expert System for the Automated Process Planning of Machined Parts},
	Year = {1987}}

@inproceedings{bryce04heuristic,
	Author = {Daniel Bryce and Subbarao Kambhampati},
	Booktitle = icaps,
	Title = {{Heuristic Guidance Measures for Conformant Planning}},
	Year = 2004}

@inproceedings{bullers80artificial,
	Author = {William I. Bullers and Shimon Y. Nof and Andrew B. Whinston},
	Booktitle = {AIIE Transactions},
	Month = {December},
	Number = {4},
	Pages = {351--363},
	Title = {Artificial Intelligence in Manufacturing Planning and Control},
	Volume = {12},
	Year = {1980}}

@inproceedings{burstein94,
	Address = {San Fransisco, CA},
	Author = {Burstein, M. and McDermott, D.},
	Booktitle = {Proceedings of the ARPA/Rome Laboratory Knowledge-Based Planning and Scheduling Initiative},
	Pages = {467--483},
	Publisher = {Morgan Kaufmann},
	Title = {Issues in the development of human-computer mixed-initiative planning systems},
	Year = {1994}}

@article{bylander94,
	Author = {T. Bylander},
	Journal = {Artificial Intelligence},
	Pages = {165--204},
	Title = {{The Computational Complexity of Propositional STRIPS Planning}},
	Volume = {69},
	Year = {1994}}

@inproceedings{bylander97linear,
	Address = {Providence, Rhode Island},
	Author = {Tom Bylander},
	Booktitle = bothai,
	Pages = {694--699},
	Publisher = {AAAI Press / MIT Press},
	Title = {A Linear Programming Heuristic for Optimal Planning},
	Year = {1997}}

@inproceedings{bylander92complexity,
	Author = {Bylander, Tom},
	Booktitle = aaai,
	Title = {Complexity Results for Extended Planning},
	Year = 1992}

@inproceedings{bylander91complexity,
	Author = {Tom Bylander},
	Booktitle = ijcai,
	Title = {Complexity Results for Planning},
	Year = {1991}}

@phdthesis{canny87complexity,
	Author = {John Francis Canny},
	Month = {May},
	Title = {The Complexity of Robot Motion Planning},
	Year = {1987}}

@inproceedings{bib:Carman03wsc,
	Author = {Mark Carman and Luciano Serafini and Paolo Traverso},
	Booktitle = {Proceedings of the ICAPS-2003 Workshop on Planning for Web Services},
	Month = {June},
	Title = {Web Service Composition as Planning},
	Year = {2003}}

@inproceedings{castellini01,
	Author = {C. Castellini and E. Giunchiglia and A. Tacchella},
	Booktitle = {Proceedings of the Sixth European Conference on Planning (ECP'01)},
	Editor = {A. Cesta and D. Borrajo},
	Title = {Improvements to SAT-based conformant planning},
	Year = 2001}

@article{castellini03sat-based,
	Author = {C. Castellini and E. Giunchiglia and A. Tacchella},
	Journal = ai,
	Number = {1--2},
	Pages = {85--117},
	Title = {SAT-Based planning in complex domains: Concurrency, Constraints and Nondeterminism},
	Volume = {147},
	Year = 2003}

@inproceedings{cayrol00new,
	Author = {Cayrol, M. and R\'egnier, P. and Vidal, V.},
	Booktitle = aips,
	Pages = {273--282},
	Title = {New results about {LCGP}, a least committed {G}raphplan},
	Year = 2000}

@inproceedings{cesta97time,
	Author = {Amadeo Cesta and C. Stella},
	Booktitle = ecp,
	Editor = {S.Steel and R.Alami},
	Pages = {117--129},
	Publisher = {LNAI 1348, Springer-Verlag},
	Title = {A time and resource problem for planning architectures},
	Year = 1997}

@article{chaloner89optimal,
	Author = {Chaloner, K. and Larntz, K.},
	Journal = {Journal of statistical planning and inference},
	Number = {2},
	Pages = {191},
	Title = {Optimal {B}ayesian design applied to logistic regression experiments},
	Volume = {21},
	Year = {1989}}

@article{chang89error,
	Author = {Chang, K. H. and Edhala, M.},
	Journal = {IEEE Transaction on Systems, Man and Cybernetics},
	Number = 1,
	Title = {Error Recovery, A Condition-Oriented Replanning Approach},
	Volume = 19,
	Year = 1989}

@inproceedings{chapman85nonlinear,
	Author = {David Chapman},
	Booktitle = ijcai,
	Pages = {1022--1024},
	Title = {Nonlinear Planning: A Rigorous Reconstruction},
	Volume = {2},
	Year = {1985}}

@article{chapman87planning,
	Author = {David Chapman},
	Journal = ai,
	Pages = {333--379},
	Title = {Planning for Conjunctive Goals},
	Volume = {32},
	Year = {1987}}

@techreport{chen85shallow,
	Author = {David Chen},
	Title = {Shallow Planning and Recovery Planning Based on the Vertical Decomposition of the Flight Domain},
	Year = 1985}

@inproceedings{Cheng99,
	Author = {Y. Cheng and B. Selman and H. Kautz},
	Booktitle = aaai,
	Title = {Control Knowledge in planning: benefits and tradeoffs},
	Year = 1999}

@misc{chien95integrating,
	Author = {S. Chien and A. Govindjee and T. Estlin and X. Wang and R. Hill Jr.},
	Month = {December},
	Title = {Integrating Hierarchical Task Network and Operator-based Planning Techniques to Automate Operations of Communications Antennas},
	Year = 1996}

@inproceedings{chien95why,
	Author = {Chien, S. and Hill, R. and Wang, X. and Estlin, T.},
	Booktitle = ewsp,
	Title = {Why Real-World Planning is Difficult: A Tale of Two Applications},
	Year = 1995}

@inproceedings{chien97artificial,
	Author = {Steve Chien and F. Fisher and E. Lo and H. Mortensen and R. Greeley},
	Booktitle = {Knowledge Discovery and Data Mining},
	Title = {Using Artificial Intelligence Planning to Automate Science Data Analysis for Large Image Databases},
	Year = 1997}

@inproceedings{christensen91formal,
	Author = {Christensen, J.},
	Booktitle = ijcai,
	Pages = {246--251},
	Title = {A formal Model for Classical Planning},
	Year = 1991}

@article{cimatti00,
	Author = {Cimatti, A. and Roveri, M.},
	Journal = {Journal of Artificial Intelligence Research},
	Pages = {305--337},
	Title = {Conformant Planning via Symbolic Model Checking},
	Volume = {13},
	Year = {2000}}

@inproceedings{cimatti97planning,
	Address = {Toulouse, France},
	Author = {A. Cimatti and E. Giunchiglia and F. Giunchiglia and P. Traverso},
	Booktitle = ecp,
	Month = {September},
	Pages = {130--142},
	Publisher = {Springer-Verlag},
	Series = lnai,
	Title = {{Planning via Model Checking: A Decision Procedure for AR}},
	Volume = 1348,
	Year = 1997}

@inproceedings{cimatti98strong,
	Author = {A. Cimatti and M. Roveri and P. Traverso},
	Booktitle = aips,
	Month = {June},
	Pages = {36--43},
	Publisher = {AAAI Press},
	Title = {Strong Planning in Non-Deterministic Domains via Model Checking},
	Year = 1998}

@article{cimatti03weak,
	Author = {A. Cimatti and M. Pistore and M. Roveri and P. Traverso},
	Journal = {{Artificial Intelligence}},
	Title = {{Weak, Strong, and Strong Cyclic Planning via Symbolic Model Checking}},
	Year = {2003}}

@inproceedings{coddington01handling,
	Author = {A. Coddington and Maria Fox and Derek Long},
	Booktitle = {UK Planning and Scheduling SIG},
	Month = {December},
	Title = {Handling Durative Actions in Classical Planning Frameworks},
	Year = 2001}

@inproceedings{collins89adaptive,
	Author = {Collins, G. and Birnbaum, L. and Krulwich, B.},
	Booktitle = ijcai,
	Title = {An Adaptive Model of Decision-Making in Planning},
	Year = 1989}

@inproceedings{cresswell99recursive,
	Author = {S. Cresswell and A. Smaill},
	Booktitle = ecp,
	Title = {Recursive Plans in Linear Logic},
	Year = 1999}

@article{currie91,
	Author = {Currie, K. and Tate, A.},
	Journal = {Artificial Intelligence},
	Number = {1},
	Pages = {49-86},
	Title = {{O-Plan: The Open Planning Architecture}},
	Volume = {52},
	Year = {1991}}

@inbook{currie85o-plan-control,
	Author = {Ken Currie and Austin Tate},
	Pages = {225--240},
	Title = {O-Plan--Control in the Open Planning Architecture},
	Year = 1985}

@techreport{dautrechy90autoplan,
	Author = {C. Lynne D'Autrechy and James A. Reggia and Frank McFadden},
	Institution = {Institute for Advanced Computer Studies and Department of Computer Science, University of Maryland},
	Month = {June},
	Number = {UMIACS-TR-90-78, CS-TR-2483},
	Title = {Autoplan: A Self-Processing Network Model for an Extended Blocks World Planning Environment},
	Year = {1990}}

@inproceedings{daniele99strong,
	Author = {M. Daniele and P. Traverso and M. Vardi},
	Booktitle = ecp,
	Month = {September},
	Pages = {35--48},
	Title = {Strong Cyclic Planning Revisited},
	Year = 1999}

@misc{davies86expert,
	Author = {B.J. Davies and I.L. Darbyshire and A.J. Wright},
	Title = {Expert Systems in Process Planning},
	Year = {1986}}

@inproceedings{davies85use,
	Address = {Paris, France},
	Author = {B.J. Davies and I.L. Darbyshire},
	Booktitle = {Proceedings of PROLAMAT 1985},
	Title = {The Use of Expert Systems in Process Planning},
	Year = {1985}}

@techreport{davis81model,
	Author = {R. Davis},
	Institution = {MIT AI Lab},
	Month = oct,
	Number = {Workpaper 217},
	Title = {A Model for Planning in a Multi-agent Environment: Steps Toward Principles for Teamwork},
	Year = {1981}}

@inproceedings{degiacomo99,
	Address = {Durham, United Kingdom},
	Author = {G. {De Giacomo} and M.~Y. Vardi},
	Booktitle = {Proceeding of the Fifth European Conference on Planning},
	Editor = {S. Biundo},
	Month = {September},
	Pages = {226--238},
	Publisher = {Springer-Verlag},
	Series = {LNAI},
	Title = {Automata-Theoretic Approach to Planning for Temporally Extended Goals},
	Volume = {1809},
	Year = 1999}

@article{dean95planning,
	Author = {Thomas Dean and Leslie Pack Kaelbling and Jak Kirman and Ann Nicholson},
	Journal = {Artificial Intelligence},
	Month = jul,
	Number = {1--2},
	Pages = {35--74},
	Title = {Planning under time constraints in stochastic domains},
	Volume = 76,
	Year = 1995}

@inproceedings{dean88analysis,
	Author = {Thomas L. Dean and M. Boddy},
	Booktitle = aaai,
	Pages = {49--54},
	Title = {An analysis of time-dependent planning},
	Year = {1988}}

@book{dean91planning,
	Author = {Thomas L. Dean and M. Wellman},
	Publisher = {Morgan Kaufman},
	Title = {Planning and Control},
	Year = 1991}

@inproceedings{dean93planning,
	Author = {Thomas L. Dean and Leslie Pack Kaelbling and J. Kirman and A. Nicholson},
	Booktitle = aaai,
	Pages = {574--579},
	Title = {Planning with deadlines in stochastic domains},
	Year = {1993}}

@article{dearden97abstraction,
	Author = {Richard Dearden and Craig Boutilier},
	Journal = ai,
	Number = {1-2},
	Pages = {219--283},
	Title = {Abstraction and Approximate Decision-Theoretic Planning},
	Volume = {89},
	Year = 1997}

@inproceedings{desjardins98hybrid,
	Author = {M. desJardins and A. Francis and M. Wolverton},
	Booktitle = {Case-Based Reasoning Integrations: Papers from the 1998 Workshop},
	Editor = {D.W. Aha and J.J. Daniels},
	Number = {WS-98-15},
	Publisher = {AAAI Press},
	Title = {Hybrid planning: An approach to integrating generative and case-based planning},
	Year = 1998}

@inproceedings{despouys99propice-plan,
	Author = {O. Despouys and F. Ingrand},
	Booktitle = ecp,
	Pages = {280--292},
	Title = {{P}ropice-{P}lan: Toward a Unified Framework for Planning and Execution},
	Year = {1999}}

@inproceedings{dias03real-time,
	Author = {M.B. Dias and S. Lemai and N. Muscettola},
	Booktitle = {The 7th International Symposium on Artificial Intelligence, Robotics and Automation in Space},
	Month = {May},
	Title = {A Real-Time Rover Executive Based On Model-Based Reactive Planning},
	Year = 2003}

@inproceedings{dimopoulos97,
	Author = {Yannis Dimopoulos and Bernhard Nebel and Jana Koehler},
	Booktitle = {{Proceedings of the Fourth European Conference on Planning, ECP}},
	Pages = {169-181},
	Title = {Encoding Planning Problems in Nonmonotonic Logic Programs},
	Year = 1997}

@inproceedings{dimopoulos02,
	Author = {Yannis Dimopoulos and Alfonso Gerevini},
	Booktitle = {AIPS-2002 Workshop on Planning for Temporal Domains},
	Pages = {2-8},
	Title = {Temporal Plannnig through Mixed Integer Programming},
	Year = {2002}}

@incollection{dix05planning,
	Author = {J. Dix and U. Kuter and D. Nau},
	Booktitle = {We Will Show Them! Essays in Honour of Dov Gabbay, Volume One},
	Editor = {Sergei Art{\"e}mov and Howard Barringer and Luis Lamb and John Woods},
	Pages = {521-576},
	Publisher = {King's College Publications},
	Title = {Planning in Answer Set Programming using Ordered Task Decomposition},
	Year = 2005}

@misc{dix02planning,
	Author = {J\"urgen Dix and H\'ector Mu{\~n}oz-Avila and Dana S. Nau and Zhang, LingLing},
	Month = {July},
	Title = {Planning in a Multi-Agent Environment: Theory and Practice},
	Year = {2002}}

@inproceedings{dix03planning,
	Address = {Berlin},
	Author = {Juergen Dix and Ugur Kuter and Dana Nau},
	Booktitle = {Proceedings of the 27th German Annual Conference on Artificial Intelligence (KI '03), Hamburg, Germany},
	Editor = {A.G{\"u}nther, R. Kruse, B. Neumann},
	Month = sep,
	Pages = {490--504},
	Publisher = {Springer},
	Series = {LNAI 2821},
	Title = {Planning in Answer Set Programming using Ordered Task Decomposition},
	Year = 2003}

@techreport{dix01htn,
	Author = {J{\"u}rgen Dix and Dana S. Nau and Kuter, Ugur},
	Institution = {Dept. of Computer Science, University of Maryland},
	Number = {CS-TR-4336},
	Title = {{HTN}-Planning in Answer Set Programming},
	Year = {2001}}

@inproceedings{dix00impacting,
	Address = {London},
	Author = {J{\"u}rgen Dix and H{\'e}ctor Mu{\~n}oz-Avila and Dana S. Nau and Zhang, Lingling},
	Booktitle = {Proc. Second Workshop on Computational Logic and Multi-Agent Systems (CLIMA)},
	Editor = {Sadri, Fariba and Satoh, Ken},
	Month = jul,
	Pages = {30--42},
	Publisher = {Imperial College},
	Title = {{IMPACT}ing {SHOP}: Planning in a Multi-Agent Environment},
	Year = {2000}}

@inproceedings{do00solving,
	Author = {Do, B.M. and Subbarao Kambhampati},
	Booktitle = aips,
	Pages = {82--91},
	Title = {Solving planning graph by compiling it into {CSP}},
	Year = 2000}

@inproceedings{do01sapa,
	Author = {M. B. Do and Subbarao Kambhampati},
	Booktitle = ecp,
	Pages = {109--121},
	Title = {Sapa: a domain independent heuristic metric temporal planner},
	Year = 2001}

@inproceedings{bib:draper94,
	Author = {D. Draper and S. Hanks and D. Weld},
	Booktitle = {AIPS-94},
	Pages = {31--36},
	Title = {Probabilistic Planning with Information Gathering and Contingent Execution},
	Year = {1994}}

@inproceedings{drummond87representation,
	Author = {Drummond, M. E.},
	Booktitle = {Reasoning about Actions and Plans},
	Publisher = {Morgan Kaufmann},
	Title = {A representation of action and belief for automatic planning systems},
	Year = 1987}

@unpublished{drummond89ai,
	Author = {Mark Drummond and Austin Tate},
	Month = {January},
	Title = {AI Planning: A Tutorial and Review},
	Year = {1989}}

@inproceedings{edelkamp99,
	Author = {S. Edelkamp and M. Helmert},
	Booktitle = {Proceedings of the Fifth European Conference on Planning (ECP'99)},
	Editor = {S. Biundo and M. Fox},
	Pages = {135-147},
	Publisher = {Springer-Verlag},
	Series = {LNAI},
	Title = {Exhibiting Knowledge in Planning Problems to Minimize State Encoding Length},
	Volume = {1809},
	Year = 1999}

@inproceedings{edelkamp00implementation,
	Author = {S. Edelkamp and M. Helmert},
	Booktitle = {AIPS-Workshop on Model-Theoretic Approaches to Planning},
	Pages = {18--25},
	Title = {On the implementation of Mips},
	Year = 2000}

@misc{edelkamp04international,
	Author = {Stefan Edelkamp and J{\"o}rg Hoffmann},
	Title = {International Planning Competition},
	Year = 2004}

@inproceedings{edelkamp02,
	Author = {Stefan Edelkamp},
	Booktitle = {AIPS-2002 Workshop on Planning for Temporal Domains},
	Pages = {47-55},
	Title = {Mixed proposional and numerical plannnig in the model checking integrated plannnig system},
	Year = {2002}}

@article{edelkamp01,
	Author = {Stefan Edelkamp and Malte Helmert},
	Journal = {{AI} Magazine},
	Number = {3},
	Pages = {67--71},
	Title = {The Model Checking Integrated Planning System ({MIPS})},
	Volume = {22},
	Year = {2001}}

@article{smith03,
	Author = {D. Smith (Guest Editor)},
	Journal = jair,
	Title = {Special Issue on the 3rd International Planning Competition},
	Volume = 20,
	Year = 2003}

@inproceedings{el-kholy96temporal,
	Author = {A. El-Kholy and B. Richard},
	Booktitle = ecai,
	Pages = {614--618},
	Publisher = {Wiley},
	Title = {Temporal and Resource Reasoning in Planning: the {ParcPlan} approach},
	Year = 1996}

@inproceedings{elinson97toward,
	Author = {Elinson, A. and Herrmann, J. W. and Dana S. Nau and Singh, G.},
	Booktitle = {Proceedings of DETC'97: 1997 ASME Design Engineering Technical Conferences},
	Month = {September 14-17},
	Title = {Toward Hybrid Variant/Generative Process Planning},
	Year = {1997}}

@inproceedings{ephrati94multi,
	Author = {Eithan Ephrati and Jeffrey S. Rosenschein},
	Booktitle = aaai,
	Pages = {115--129},
	Title = {Multi -- Agent Planning as the process of merging Distributed Sub--plans},
	Year = {1994}}

@inproceedings{ernst97,
	Author = {Ernst, Michael and Millstein, Todd and Weld, Daniel},
	Booktitle = {Proceedings of the 15th International Joint Conference on Artficial Intelligence},
	Pages = {1169-1176},
	Title = {{Automatic SAT-compilation of planning problems}},
	Year = {1997}}

@article{erol95b,
	Author = {Erol, K. and Nau, D. and Subrahmanian, V. S.},
	Journal = {Artificial Intelligence},
	Number = {1--2},
	Pages = {75-88},
	Title = {{Complexity, Decidability and Undecidability Results for Domain-Independent Planning}},
	Volume = {76},
	Year = {1995}}

@inproceedings{erol94,
	Author = {Erol, K. and Hendler, J. and Nau, D. S.},
	Booktitle = {Proc. Second International Conf. on AI Planning Systems (AIPS-94)},
	Month = {June},
	Pages = {249-254},
	Title = {{UMCP: A Sound and Complete Procedure for Hierarchical Task-Network Planning}},
	Year = {1994}}

@inproceedings{erol95critical,
	Author = {Kutluhan Erol and James Hendler and Dana S. Nau and Tsuneto, R.},
	Booktitle = ijcai,
	Title = {A Critical Look at Critics in {HTN} Planning},
	Year = {1995}}

@inproceedings{erol93theoretical,
	Author = {Kutluhan Erol and Dana S. Nau and V. S. Subrahmanian},
	Booktitle = {AAAI Spring Symposium},
	Month = {April},
	Title = {A Theoretical Study of Domain-Independent Planning},
	Year = {1993}}

@article{erol96complexity,
	Author = {Kutluhan Erol and James Hendler and Dana S. Nau},
	Journal = {Annals of Mathematics and Artificial Intelligence},
	Pages = {69--93},
	Title = {Complexity Results for Hierarchical Task-Network Planning},
	Volume = {18},
	Year = {1996}}

@unpublished{erol92formal,
	Author = {Kutluhan Erol},
	Note = {Unpublished manuscript},
	Title = {Formal Results in Planning},
	Year = 1992}

@inproceedings{erol94htn,
	Author = {Kutluhan Erol and James Hendler and Dana S. Nau},
	Booktitle = aaai,
	Title = {{HTN} Planning: Complexity and Expressivity},
	Year = {1994}}

@inproceedings{erol92complexity,
	Author = {Kutluhan Erol and Dana S. Nau and V. S. Subrahmanian},
	Booktitle = aaai,
	Month = {July},
	Pages = {381--386},
	Title = {On the Complexity of Domain-Independent Planning},
	Year = {1992}}

@techreport{erol94semantics,
	Author = {Kutluhan Erol and James Hendler and Dana S. Nau},
	Institution = {University of Maryland},
	Month = {March},
	Number = {CS TR-3239, UMIACS TR-94-31, ISR-TR-95-9},
	Title = {Semantics for Hierarchical Task-Network Planning},
	Year = {1994}}

@inproceedings{erol93toward,
	Author = {Kutluhan Erol and Dana S. Nau and James Hendler},
	Booktitle = {AAAI Spring Symposium},
	Month = {April},
	Title = {Toward a General Framework for Hierarchical Task-Network Planning},
	Year = {1993}}

@inproceedings{erol92when,
	Author = {Kutluhan Erol and Dana S. Nau and V. S. Subrahmanian},
	Booktitle = aips,
	Month = {June},
	Pages = {222--227},
	Title = {When is Planning Decidable?},
	Year = {1992}}

@article{eshner92incremental,
	Author = {Eshner, D. P. and James Hendler and Dana S. Nau},
	Journal = {Journal of Experimental and Theoretical AI},
	Pages = {85--94},
	Title = {Incremental Planning Using Conceptual Graphs},
	Volume = {4},
	Year = {1992}}

@inproceedings{estlin02continuous,
	Author = {T. Estlin and F. Fisher and D. Gaines and C. Chouinard and S. Schaffer and I. Nesnas},
	Booktitle = {International NASA Workshop on Planning and Scheduling for Space},
	Month = oct,
	Title = {Continuous Planning and Execution for a Mars Rover},
	Year = 2002}

@inproceedings{estlin97,
	Author = {Estlin, T. A. and Chien, S. A. and Wang, X.},
	Booktitle = {Proc. Fourth European Conference on Planning (ECP-97)},
	Pages = {184-196},
	Title = {{An Argument for Hybrid HTN/Operator-Based Approach to Planning}},
	Year = {1997}}

@inproceedings{etzioni92approach,
	Author = {O. Etzioni and S. Hanks and D. S. Weld and D. Draper and N. Lesh and M. Williamson},
	Booktitle = kr,
	Pages = {115--125},
	Title = {An approach to planning with incomplete information},
	Year = 1992}

@inproceedings{eversheim80automated,
	Author = {W. Eversheim and H. Fucks and K. H. Zons},
	Booktitle = {12th CIRP international seminar on Manufacturing Systems},
	Title = {Automated Process Planning with Regard to Production by Application of the System {AUTAP} for Control Problems},
	Year = {1980}}

@inproceedings{ferguson96trains-95,
	Author = {G. Ferguson and J. Allen and B. Miller},
	Booktitle = aips,
	Pages = {70--77},
	Title = {{TRAINS}-95: Towards a Mixed-Initiative Planning Assistant},
	Year = {1996}}

@inproceedings{ferraris00planning,
	Author = {P. Ferraris and E. Giunchiglia},
	Booktitle = bothai,
	Title = {Planning as Satisfiability in Nondeterministic Domains},
	Year = {2000}}

@inproceedings{fink95,
	Author = {Fink, E. and Veloso, M.},
	Booktitle = {Proc. European Workshop in AI Planning (EWSP-95)},
	Title = {{Formalizing the Prodigy planning algorithm}},
	Year = {1995}}

@article{firby87a,
	Author = {J. R. Firby},
	Journal = ai,
	Pages = {251--288},
	Title = {An investigation into reactive planning in complex domains},
	Volume = {3},
	Year = 1987}

@inproceedings{firby92building,
	Address = {San Mateo, CA},
	Author = {R. J. Firby},
	Booktitle = aips,
	Editor = {James Hendler},
	Pages = {62--69},
	Publisher = {Morgan Kaufmann},
	Title = {Building Symbolic Primitives with Continuous Control Routines},
	Year = {1992}}

@inproceedings{firby94task,
	Author = {R. J. Firby},
	Booktitle = aips,
	Title = {Task Networks for Controlling Continuous Processes},
	Year = 1994}

@webpage{fox02international,
	Url = {http://planning.cis.strath.ac.uk/competition/},
	Year = {2002},
	Bdsk-Url-1 = {http://planning.cis.strath.ac.uk/competition/}}

@article{fox03pddl2-1,
	Author = {Maria Fox and Derek Long},
	Journal = jair,
	Title = {{PDDL2.1}: An Extension to {PDDL} for Expressing Temporal Planning Domains},
	Year = 2003}

@inproceedings{fox00utilizing,
	Author = {Maria Fox and Derek Long},
	Booktitle = aips,
	Pages = {102--111},
	Title = {Utilizing Automatically Infeered Invariants in Graph Construction and Search},
	Year = 2000}

@article{frank03constraint-based,
	Author = {J. Frank and A. Jonsson},
	Journal = {Constraints},
	Title = {Constraint-based attribute and interval planning},
	Year = 2003}

@inproceedings{frank01planning,
	Author = {J. Frank and A. Jonsson and R. Morris and D. Smith},
	Booktitle = {International Symposium on Artificial Intelligence, Robotics, Automation and Space},
	Title = {Planning and Scheduling for Fleets of Earth Observing Satellites},
	Year = 2001}

@inproceedings{garcia95hierarchisation,
	Author = {F. Garcia and P. Laborie},
	Booktitle = ewsp,
	Pages = {235--249},
	Title = {Hierarchisation of the search space in temporal planning},
	Year = 1995}

@inproceedings{gardiol03envelope-based,
	Author = {Natalia H. Gardiol and Leslie Pack Kaelbling},
	Booktitle = {Advances in Neural Information Processing Systems},
	Title = {Envelope-based Planning in Relational {MDPs}},
	Year = 2003}

@inproceedings{garrido01temporal,
	Author = {A. Garrido and Maria Fox and Derek Long},
	Booktitle = {UK Planning and Scheduling SIG},
	Month = {December},
	Title = {A Temporal Planning System to Manage Level 3 Durative Actions of {PDDL2.1}},
	Year = 2001}

@inproceedings{garrido02temporal,
	Author = {A. Garrido},
	Booktitle = {AIPS Workshop on Planning for Temporal Domains},
	Pages = {56--66},
	Title = {A temporal plannnig system for level 3 durative actions of {PDDL2.1}},
	Year = 2002}

@inproceedings{gazen97combining,
	Author = {Gazen, B.C and Knoblock, C.A.},
	Booktitle = ecp,
	Pages = {221--233},
	Title = {Combining the expressivity of {UCPOP} with the efficiency of {G}raphplan},
	Year = 1997}

@incollection{geffner00functional,
	Author = {H. Geffner},
	Booktitle = {Logic-Based Artificial Intelligence},
	Editor = {Jack Minker},
	Publisher = {Kluwer},
	Title = {Functional {Strips}: a more flexible language for planning and problem solving},
	Year = 2000}

@incollection{georgeff88theory,
	Author = {Michael Georgeff},
	Booktitle = {Readings in Distributed Artificial Intelligence},
	Editor = {Alan H. Bond and Les Gasser},
	Publisher = {Morgan Kaufmann},
	Title = {A Theory of Action for MultiAgent Planning},
	Year = {1988}}

@incollection{georgeff88communication,
	Author = {Michael Georgeff},
	Booktitle = {Readings in Distributed Artificial Intelligence},
	Editor = {Alan H. Bond and Les Gasser},
	Pages = {200--204},
	Publisher = {Morgan Kaufmann},
	Title = {Communication and Interaction in Multi-Agent Planning},
	Year = {1988}}

@inproceedings{georgeff87reactive,
	Author = {Michael P. Georgeff and Amy L. Lansky},
	Booktitle = aaai,
	Pages = {677--682},
	Title = {Reactive reasoning and planning},
	Year = 1987}

@inproceedings{gerevini98inferring,
	Author = {A. Gerevini and L. Schubert},
	Booktitle = bothai,
	Month = {July},
	Pages = {26--30},
	Title = {Inferring state constraints for domain-independent planning},
	Year = 1998}

@article{gerevini03planning,
	Author = {Gerevini, A. and Saetti, A. and Serina, I.},
	Journal = jair,
	Pages = {239-290},
	Title = {Planning Through Stochastic Local Search and Temporal Action Graphs in LPG},
	Volume = 20,
	Year = 2003}

@article{gerevini06approach,
	Author = {Alfonso Gerevini and Alessandro Saetti and Ivan Serina},
	Journal = jair,
	Pages = {187--231},
	Title = {{An Approach to Temporal Planning and Scheduling in Domains with Predicatable Exogenous Events}},
	Volume = 25,
	Year = 2006}

@inproceedings{gerevini02,
	Author = {Alfonso Gerevini and Ivan Serina},
	Booktitle = {Proceedings of the Sixth Int. Conference on AI Planning and Scheduling},
	Pages = {968-973},
	Title = {{LPG}: a Planner based on Local Search for Planning Graphs},
	Year = {2002}}

@article{gerevini03planning,
	Author = {Alfonso Gerevini and Alessandro Saetti and Ivan Serina},
	Journal = jair,
	Pages = {239--290},
	Title = {{Planning through Stochastic Local Search and Temporal Action Graphs}},
	Volume = 20,
	Year = 2003}

@inproceedings{ghallab87dealing,
	Author = {M. Ghallab and R. Alamai and R. Chatila},
	Booktitle = {Robotics Research 4},
	Editor = {R. Bolles and B. Roth},
	Pages = {431--443},
	Publisher = {MIT Press},
	Title = {Dealing with time in planning and execution monitoring},
	Year = 1987}

@inproceedings{ghallab94representation,
	Author = {M. Ghallab and H. Laruelle},
	Booktitle = aips,
	Pages = {61--67},
	Title = {Representation and Control in {IxTeT}, a temporal planner},
	Year = 1994}

@book{ghallab04automated,
	Author = {Malik Ghallab and Dana Nau and Paolo Traverso},
	Month = may,
	Publisher = {Morgan Kaufmann},
	Title = {Automated Planning: Theory and Practice},
	Year = {2004}}

@phdthesis{gil92acquiring,
	Address = {Pittsburgh, PA 15213},
	Author = {Y. Gil},
	School = {School of Computer Science, Carnegie Mellon University},
	Title = {Acquiring Domain Knowledge for Planning by Experimentation},
	Year = 1992}

@inproceedings{gil94domain-specific,
	Address = {Tuscon, AR},
	Author = {Gil, Y. and Hoffman, M. and Tate, A.},
	Booktitle = {Proceedings of the ARPA/Rome Laboratory Knowledge-Based Planing and Scheduling Initiative},
	Pages = {433--444},
	Publisher = {Morgan Kaufmann},
	Title = {Domain-specific criteria to direct and evaluate planning systems},
	Year = {1994}}

@techreport{gil91specification,
	Author = {Yolanda Gil},
	Institution = {Computer Science, Carnegie Mellon University},
	Month = {August},
	Number = {CMU-CS-91-179},
	Title = {A Specification of Manufacturing Processes for Planning},
	Year = {1991}}

@inproceedings{gilmore87manufacturing,
	Author = {John Gilmore and Patricia Altman and Wendy Skidmore and Alex Raji},
	Booktitle = {Material Handling Focus '87, Research Forum},
	Month = {September},
	Publisher = {Material Handling Research Center, Georgia Institute of Technology},
	Title = {Manufacturing Applications of Expert Systems: Planning, Scheduling, Vision and Diagnostic Applications},
	Year = {1987}}

@inproceedings{ginsberg87possible,
	Author = {Ginsberg, M. L.},
	Booktitle = {Reasoning about Actions and Plans},
	Publisher = {Morgan Kaufmann},
	Title = {Possible Worlds Planning},
	Year = 1987}

@inproceedings{giunchiglia98act,
	Author = {E. Giunchiglia and A. Massarotto and R. Sebastiani},
	Booktitle = bothai,
	Title = {Act, and the rest will follow: exploiting determinism in planning as satisfiability},
	Year = 1998}

@inproceedings{giunchiglia00,
	Author = {E. Giunchiglia},
	Booktitle = {Proceedings of the Seventh International Conference on Principles of Knowledge Representation and Reasoning (KR'00)},
	Title = {Planning as Satisfiability with Expressive Action Languages: Concurrency, Constraints and Nondeterminism},
	Year = {2000}}

@inproceedings{giunchiglia99planning,
	Author = {F. Giunchiglia and P. Traverso},
	Booktitle = ecp,
	Month = {September},
	Pages = {1--20},
	Title = {Planning as Model Checking},
	Year = 1999}

@inproceedings{givan97,
	Address = {Toulouse, France},
	Author = {Givan, R. and Leach, S. and Dean, T.},
	Booktitle = {Proceedings of the Fourth European Conference on Planning (ECP'97)},
	Pages = {234--246},
	Title = {Bounded-parameter Markov decision processes},
	Year = {1997}}

@inproceedings{golden94omnipotence,
	Author = {Golden, K. and Etzioni, O. and Weld, D.},
	Booktitle = aaai,
	Pages = {1048--154},
	Title = {Omnipotence without Omniscience: efficient sensor management for planning},
	Year = 1994}

@techreport{golden96planning,
	Author = {Golden, K. and Etzioni, O. and D. Weld.},
	Institution = {Department of Computer Science, University of Washington},
	Month = {February},
	Number = {TR96-01-09},
	Title = {Planning with execution and Incomplete Information},
	Year = 1996}

@inproceedings{golden98,
	Author = {Keith Golden},
	Booktitle = {Artificial Intelligence Planning Systems},
	Pages = {70-77},
	Title = {Leap Before You Look: Information Gathering in the {PUCCINI} Planner},
	Year = {1998}}

@inproceedings{goldman94conditional,
	Author = {R. P. Goldman and M. S. Boddy},
	Booktitle = aips,
	Title = {Conditional Linear Planning},
	Year = 1994}

@inproceedings{goldman97,
	Author = {R. P. Goldman and D. J. Musliner and K. D. Krebsbach and M. S. Boddy},
	Booktitle = {Proceedings of the Fourteenth National Conference on Artificial Intelligence and Ninth Innovative Applications of Artificial Intelligence Conference (AAAI 97), (IAAI 97)},
	Pages = {680-686},
	Publisher = {AAAI Press},
	Title = {Dynamic Abstraction Planning},
	Year = {1997}}

@inproceedings{goldman00using,
	Address = {Breckenridge, Colorado},
	Author = {R. P. Goldman and D. J. Musliner and M. J. Pelican},
	Booktitle = {Proceeding of the AIPS2k Workshop on Model-Theoretic Approaches to Planning},
	Month = {April},
	Title = {Using Model Checking to Plan Hard Real-Time Controllers},
	Year = 2000}

@inproceedings{goldman04adapting,
	Author = {Robert Goldman},
	Booktitle = {ICAPS 2004 workshop on Connecting Planning Theory with Practice},
	Title = {Adapting Research Planners for Applications},
	Year = 2004}

@inproceedings{ground02cadet,
	Address = {Toulouse, France},
	Author = {L. Ground and A. Kott and R. Budd},
	Booktitle = {Proceedings of the Second International Conference on Knowledge Systems for Coalition Operations},
	Pages = {195--203},
	Title = {A Knowledge-Based Tool for Planning of Military Operations: The Coalition Perspective},
	Year = {2002}}

@inproceedings{guestrin01multiagent,
	Author = {C. Guestrin and D. Koller and R. Parr},
	Booktitle = {NIPS},
	Title = {Multiagent planning with factored MDPs},
	Year = {2001}}

@article{gupta92,
	Author = {Gupta, Naresh and Nau, Dana S.},
	Journal = {Artificial Intelligence},
	Number = {2-3},
	Pages = {223-254},
	Title = {{On the Complexity of Blocks-World Planning}},
	Volume = {56},
	Year = {1992}}

@article{gupta98imacs,
	Author = {Satyandra K. Gupta and Dana S. Nau and William C. Regli},
	Journal = {IEEE Expert and Intelligent Systems},
	Number = {3},
	Pages = {49--60},
	Title = {IMACS: A case study in real-world planning},
	Volume = {13},
	Year = {1998}}

@inproceedings{haddawy94drips,
	Author = {P. Haddawy and M. Suwandi},
	Booktitle = {AIPS-1994 Proceedings},
	Title = {Decision-theoretic refinement planning using inheritance abstraction},
	Year = 1994}

@inproceedings{haigh96interleaving,
	Author = {Karen Zita Haigh and Manuela Veloso},
	Booktitle = {Planning with Incomplete Information for Robot Problems: Papers from the 1996 {AAAI} Spring Symposium},
	Month = {March},
	Pages = {35--44},
	Publisher = {AAAI Press},
	Title = {Interleaving Planning and Robot Execution for Asynchronous User Requests},
	Year = {1996}}

@inproceedings{hanks92systematic,
	Author = {Steven Hanks and Daniel S. Weld},
	Booktitle = {Proc. First Internat. Conf. AI Planning Systems},
	Month = {June},
	Pages = {96--105},
	Title = {Systematic Adaptation for Case-Based Planning},
	Year = 1992}

@inproceedings{haslum00admissible,
	Author = {P. Haslum and H. Geffner},
	Booktitle = aips,
	Pages = {140--149},
	Title = {Admissible Heuristics for Optimal Planning},
	Year = 2000}

@inproceedings{haslum01heuristic,
	Author = {P. Haslum and H. Geffner},
	Booktitle = ecp,
	Pages = {121--132},
	Title = {Heuristic plannnig with time and resources},
	Year = 2001}

@inproceedings{haslum99some,
	Address = {Durham, United Kingdom},
	Author = {P. Haslum and P. Jonsson},
	Booktitle = ecp,
	Editor = {Susanne Biundo},
	Month = {September},
	Title = {Some Results on the Complexity of Planning with Incomplete Information},
	Year = 1999}

@inproceedings{haslum05new,
	Author = {Patrik Haslum and Blai Bonet and Hector Geffner},
	Booktitle = aaai,
	Title = {New Admissible Heuristics for Domain-Independent Planning},
	Year = 2005}

@inproceedings{hayes89model,
	Address = {Detroit, MI},
	Author = {C. Hayes},
	Booktitle = ijcai,
	Pages = {949--953},
	Title = {A Model of Planning for Plan Efficiency: Taking Advantage of Operator Overlap},
	Year = 1989}

@article{hayes89automatic,
	Author = {C. Hayes and P. Wright},
	Journal = {Journal of Manufacturing Systems},
	Number = {1},
	Pages = {1--15},
	Title = {Automatic process planning: using feature interaction to guide search},
	Volume = {8},
	Year = {1989}}

@inproceedings{hayes87goal,
	Author = {C. Hayes},
	Booktitle = {Proc. Sixth National Conference on Artificial Intelligence},
	Pages = {224--228},
	Title = {Using Goal Interactions to Guide Planning},
	Year = {1987}}

@inproceedings{hayes95manufacturing,
	Author = {C. C. Hayes},
	Booktitle = {AAAI-95 Spring Symposium Series: Workshop on Integrated Planning Applications},
	Month = {March},
	Pages = {41--50},
	Title = {Using a Manufacturing Planner as a Designer's Tool: Identifying Cost-critical Areas of Designs},
	Year = 1995}

@inproceedings{hayes89process,
	Author = {Hayes, C. C. and Desa, S. and Wright, P. K.},
	Booktitle = {Concurrent Product and Process Design, ASME Winter Annual Meeting},
	Editor = {Chao, N. H. and Lu, S. C. Y.},
	Pages = {87--92},
	Publisher = {ASME},
	Title = {Using Process Planning Knowledge to Make Design Suggestions Concurrently},
	Year = {1989}}

@inbook{hayes95automated,
	Author = {Caroline Hayes and P. Wright},
	Pages = {221--232},
	Title = {Automated Planning in the Machining Domain},
	Year = {1995}}

@mastersthesis{hayes87planning,
	Address = {Pittsburgh, PA},
	Author = {Caroline Hayes},
	Month = {April},
	School = {Carnegie-Mellon University, The Robotics Institute},
	Title = {Planning in the Machining Domain: Using Goal Interactions to Guide Search},
	Year = {1987}}

@article{hayes-roth79cognitive,
	Author = {B. Hayes-Roth and F. Hayes-Roth},
	Journal = {Cognitive Science},
	Number = 4,
	Title = {A Cognitive Method of Planning},
	Volume = 3,
	Year = 1979}

@inproceedings{helmert01,
	Address = {New York},
	Author = {Malte Helmert},
	Booktitle = {6th European Conference on Planning ({ECP}'01)},
	Publisher = {Springer-Verlag},
	Series = {Lecture Notes in Artificial Intelligence},
	Title = {On the Complexity of Planning in Transportation Domains},
	Year = {2001}}

@article{hendler88model,
	Author = {James Hendler and Sanborn, J.},
	Journal = {Intl Journal of AI and Engineering},
	Number = {2},
	Title = {A model of reaction for planning in dynamic domains},
	Volume = {3},
	Year = {1988}}

@inproceedings{hendler93exploring,
	Author = {James Hendler and Seeliger, O.},
	Booktitle = {Working notes of the AAAI Fall Symposium on Instantiating Real-world Agents},
	Month = {October},
	Title = {Exploring Vacuuming as a domain of applicability for a reactive planning system, or, Robot with a Dustbuster},
	Year = 1993}

@techreport{hendler90planning,
	Author = {James Hendler},
	Institution = {University of Maryland, Computer Science Department},
	Month = {July},
	Number = {SRC TR 90-45},
	Title = {Planning in Uncertain, Unpredictable, or Changing Environments},
	Year = {1990}}

@book{hendler88integrating,
	Address = {Hillsdale, NJ},
	Author = {James A. Hendler},
	Publisher = {Lawrence Erlbaum Assoc., Publishers},
	Title = {Integrating Marker-Passing and Problem-Solving: A Spreading Activation Approach to Improved Choice in Planning},
	Year = {1988}}

@inproceedings{boutilier99a,
	Author = {J. Hoey and R. St-Aubin and A. Hu and C. Boutilier},
	Booktitle = {Fifteenth Conference on Uncertainty in Artificial Intelligence (UAI99)},
	Title = {{SPUDD: Stochastic Planning using Decision Diagrams}},
	Year = {1999}}

@inproceedings{hoffmann00,
	Address = {Charlotte, North Carolina},
	Author = {Hoffmann, J.},
	Booktitle = {Proceedings of the 12th International Symposium on Methodologies for Intelligent Systems},
	Month = {October},
	Title = {{A Heuristic for Domain Independent Planning and its Use in an Enforced Hill-climbing Algorithm}},
	Year = {2000}}

@inproceedings{hoffmann05contingent,
	Author = {J. Hoffmann and R. Brafman},
	Booktitle = icaps,
	Title = {{Contingent Planning via Heuristic Forward Search with Implicit Belief States}},
	Year = 2005}

@article{hoffmann01ff,
	Author = {J. Hoffmann and Bernhard Nebel},
	Journal = jair,
	Pages = {253--302},
	Title = {The {FF} Planning System: Fast Plan Generation Through Heuristic Search},
	Volume = 14,
	Year = 2001}

@article{hoffmann03metricff,
	Author = {Hoffmann, J.},
	Journal = jair,
	Pages = {291-341},
	Title = {The {Metric-FF} Planning System: Translating ``Ignoring Delete Lists'' to Numeric State Variables},
	Volume = 20,
	Year = 2003}

@misc{hsu06sgplan,
	Author = {C. W. Hsu and B. W. Wah and R. Huang and Y. X. Chen},
	Title = {{New Features in SGPlan for Handling Soft Constraints and Goal Preferences in PDDL3.0}},
	Year = 2006}

@unpublished{huang91knowledge-based,
	Author = {Y.F. Huang and C.S.G. Lee},
	Note = {Submitted to {IEEE} Transactions on Systems, Man, and Cybernetics},
	Title = {Knowledge-Based Process Planning for Robotic Assembly},
	Year = {1991}}

@inproceedings{hummel86symbolic,
	Author = {Keith E. Hummel and Steven L. Brooks},
	Booktitle = {Knowledge-Based Expert Systems for Manufacturing Symposium},
	Month = {December},
	Number = {BDX-613-3580},
	Title = {Symbolic Representation of Manufacturing Features for an Automated Process Planning System},
	Year = {1986}}

@inproceedings{hummel90role,
	Author = {Keith E. Hummel},
	Booktitle = {Proc. CAMI Features Symposium},
	Month = {August 9--10},
	Number = {P-90-PM-02},
	Pages = {285--320},
	Title = {The Role of Features in Computer-Aided Process Planning},
	Year = 1990}

@mastersthesis{ide87integration,
	Address = {College Park, MD},
	Author = {N. C. Ide},
	School = {University of Maryland},
	Title = {Integration of Process Planning and Solid Modeling through Design by Features},
	Year = {1987}}

@inproceedings{ihrig94,
	Author = {L. Ihrig and S. Kambhampati},
	Title = {{Derivation Replay for Partial-Order Planning}},
	Year = {1994}}

@techreport{ihrig96,
	Author = {L. Ihrig and S. Kambhampati},
	Institution = {Arizona State University},
	Title = {{Plan-space vs. State-space planning in reuse and replay}},
	Year = {1996}}

@inproceedings{ihrig94derivational,
	Author = {Ihrig, L.H. and Kambhampati, S.},
	Booktitle = aaai,
	Pages = {992--997},
	Publisher = {AAAI Press},
	Title = {Derivational replay for partial order planning},
	Year = {1994}}

@inproceedings{iocchi04strong-cyclic,
	Author = {L. Iocchi and D. Nardi and M. Rosati},
	Booktitle = {4th International Workshop on Planning and Scheduling for Space},
	Title = {{Strong Cyclic Planning with Incomplete Information and Sensing}},
	Year = 2004}

@article{james-hendler90ai,
	Author = {James Hendler, Austin Tate and Mark Drummond},
	Journal = {AI Magazine},
	Month = {Summer},
	Number = {UMIACS-TR-90-21, CS-TR-2408},
	Pages = {61--77},
	Title = {AI Planning: Systems and Techniques},
	Year = {1990}}

@inproceedings{jensen03guided,
	Address = {Trento},
	Author = {R. Jensen and Manuela M. Veloso and R.E. Bryant},
	Booktitle = icaps,
	Month = {June},
	Publisher = {AAAI Press},
	Title = {Guided Symbolic Universal Planning},
	Year = {2003}}

@article{jensen00,
	Author = {R. Jensen and M. Veloso},
	Journal = {{Journal of Artificial Intelligence Research}},
	Pages = {189--226},
	Title = {{OBDD-based Universal Planning for Synchronized Agents in Non-Deterministic Domains}},
	Volume = {13},
	Year = {2000}}

@inproceedings{jensen01,
	Author = {R.~M. Jensen and M.~M. Veloso and M.~H. Bowling},
	Booktitle = {Proceedings of the Sixth European Conference on Planning (ECP'01)},
	Title = {{OBDD}-Based Optimistic and Strong Cyclic Adversarial Planning},
	Year = {2001}}

@inproceedings{jonson00planning,
	Author = {A. K. Jonson and P. Morris and N. Muscettola and K. Rajan},
	Booktitle = aips,
	Month = {April},
	Pages = {177--186},
	Title = {Planning in Interplanetary Space: theory and practice},
	Year = 2000}

@article{jonsson98state-variable,
	Author = {Peter Jonsson and Christer B{\"a}ckstr{\"o}m},
	Journal = ai,
	Number = {1--2},
	Pages = {125--176},
	Title = {State-variable Planning Under Structural Restrictions: Algorithms and Complexity},
	Volume = {100},
	Year = {1998}}

@techreport{joshi85feature,
	Author = {S. Joshi and Tien-Chien Chang},
	Title = {Feature Extraction and Recognition for Automated Process Planning},
	Year = {1985}}

@inproceedings{joslin94least-cost,
	Author = {D. Joslin and M. Pollack},
	Booktitle = aaai,
	Title = {Least-Cost Flaw Repair: A Plan Refinement Strategy for Partial-Order Planning},
	Year = 1994}

@inproceedings{joslin95passive,
	Author = {D. Joslin and M. Pollack},
	Booktitle = ecp,
	Title = {Passive and Active Decision Postponement in Plan Generation},
	Year = 1995}

@misc{joslin87region,
	Author = {David Joslin and John Roach},
	Month = {January},
	Title = {Region Analysis: A Representation for the Underlying Structure of Planning Problems},
	Year = {1987}}

@techreport{joslin86analysis,
	Author = {David E. Joslin and John W. Roach},
	Institution = {Virginia Tech, Department of Computer Science},
	Number = {TR-86-34},
	Title = {An Analysis of Conjunctive-Goal Planning},
	Year = {1986}}

@techreport{dix00impacting-tr,
	Author = {J{\"u}rgen Dix, H{\'e}ctor Mu{\~n}oz-Avila and Dana Nau},
	Institution = {Computer Science Department, University of Maryland},
	Month = feb,
	Number = {CS-TR-4100},
	Title = {IMPACTing {SHOP}: Foundations for Integrating HTN Planning and Multi-Agency},
	Year = 2000}

@article{kabanza97planning,
	Author = {Froduald Kabanza and M. Barbeau and R. St-Denis},
	Journal = ai,
	Number = 1,
	Pages = {67--113},
	Title = {Planning control rules for reactive agents},
	Volume = {95},
	Year = {1997}}

@article{kaelbling98planning,
	Author = {Leslie Pack Kaelbling and Michael L. Littman and Anthony R. Cassandra},
	Journal = ai,
	Title = {Planning and Acting in Partially Observable Stochastic Domains},
	Volume = 101,
	Year = 1998}

@inproceedings{kambhampati96b,
	Author = {S. Kambhampati and L. Ihrig and B. Srivastava},
	Booktitle = {Proc. of the 3rd International Conference on AI Planning Systems (AIPS-96)},
	Title = {A Candidate Set based Analysis of Subgoal Interactions in Conjunctive Goal Planning}}

@article{kambhampati96nature,
	Author = {Kambhampati, S. and Dana S. Nau},
	Journal = ai,
	Number = {2},
	Title = {On the Nature and Role of Modal Truth Criteria in Planning},
	Volume = {82},
	Year = {1996}}

@article{kambhampati97,
	Author = {S. Kambhampati},
	Journal = {AI Magazine},
	Number = {2},
	Pages = {67-97},
	Title = {Refinement Planning as a unifying framework for plan synthesis},
	Volume = {18},
	Year = {1997}}

@techreport{bib:kambhampati96UCP,
	Author = {S. Kambhampati and B. Srivastava},
	Institution = {Arizona State University},
	Title = {Unifying classical planning approaches},
	Year = {1996}}

@inproceedings{kambhampati95universal,
	Author = {S. Kambhampati and B. Srivastava},
	Booktitle = ewsp,
	Title = {Universal Classical Planner: An algorithm for unifying state-space and plan-space planning},
	Year = {1995}}

@article{kambhampati95comparative,
	Author = {Subbarao Kambhampati},
	Journal = {SIGART Bulletin},
	Number = 1,
	Title = {A comparative analysis of partial order planning and task reduction planning},
	Volume = 6,
	Year = 1995}

@inproceedings{kambhampati90approach,
	Author = {Subbarao Kambhampati and Mark Cutkosky},
	Booktitle = {ASME Winter Annual Meeting on Computer based Approaches to Concurrent Engineering},
	Title = {An Approach Toward Incremental and Interactive Planning for Concurrent Product and Process Design},
	Year = {1990}}

@article{kambhampati92integrating,
	Author = {Subbarao Kambhampati and Mark Cutkosky and Jay Tenenbaum and Soo Hong Lee},
	Journal = {IEEE Transactions on Systems, Man and Cybernetics (Special Issue on Planning and Scheduling)},
	Title = {Integrating General Purpose Planners and Specialized Reasoners: Case Study of a Hybrid Planning Architecture},
	Year = {1992}}

@article{kambhampati94multi-contributor,
	Author = {Subbarao Kambhampati},
	Journal = ai,
	Number = {1--2},
	Pages = {235--278},
	Title = {Multi-contributor causal structures for planning: a formalization and evaluation},
	Volume = 69,
	Year = 1994}

@inproceedings{kambhampati96role,
	Author = {Subbarao Kambhampati and X. Yang},
	Booktitle = kr,
	Title = {On the Role of Disjunctive Representations and Constraint Propagation in Refinement Planning},
	Year = 1996}

@inproceedings{kambhampati93utility,
	Author = {Subbarao Kambhampati},
	Booktitle = ijcai,
	Pages = {1380--1385},
	Title = {On the Utility of Systematicity: Understanding the Trade-Offs between Redundancy and Commitment in Partial-Order Planning},
	Year = 1993}

@article{kambhampati95planning,
	Author = {Subbarao Kambhampati and Craig A. Knoblock and Qiang Yang},
	Journal = ai,
	Number = {1--2},
	Pages = {167--238},
	Title = {Planning as Refinement Search: A Unified Framework for Evaluating Desing Tradeoffs in Partial-Order Planning},
	Volume = 76,
	Year = 1995}

@article{kambhampati00planning,
	Author = {Subbarao Kambhampati},
	Journal = jair,
	Pages = {1--34},
	Title = {Planning Graph as (dynamic) {CSP}: Exploiting {EBL}, {DDB} and other {CSP} Techniques in {G}raphplan},
	Volume = 12,
	Year = 2000}

@inproceedings{kambhampati90planning,
	Author = {Subbarao Kambhampati and Jay Tenenbaum},
	Booktitle = {1990 DARPA Workshop on Innovative Approaches to Planning, Schedule, and Control},
	Title = {Planning in Concurrent Domains},
	Year = {1990}}

@unpublished{kambhampati90towards,
	Author = {Subbarao Kambhampati and Jay M. Tenenbaum and Mark Cutkosky},
	Note = {submitted to AAAI-90 workshop on Concurrent Engineering Design},
	Title = {Towards an Incremental and Interactive Paradigm for Process Planning in Concurrent Design Environment},
	Year = {1990}}

@inproceedings{kambhampati97understanding,
	Author = {Subbarao Kambhampati and Parker, E and Lambrecht, E.},
	Booktitle = ecp,
	Pages = {260--272},
	Title = {Understanding and extending {G}raphplan},
	Year = 1997}

@article{karinthi92handling,
	Author = {Raghu Karinthi and Dana S. Nau and Qiang Yang},
	Journal = {Applied Artificial Intelligence},
	Number = {4},
	Pages = {389--415},
	Title = {Handling Feature Interactions in Process Planning},
	Volume = {6},
	Year = {1992}}

@inproceedings{karinthi90feature*1,
	Address = {Boston},
	Author = {Raghu Karinthi and Dana S. Nau},
	Booktitle = {Proceedings of the SIGMAN Workshop on Manufacturing Planning and Control},
	Month = {July},
	Title = {Using Feature Interactions in Process Planning},
	Year = {1990}}

@inproceedings{karlson01conditional,
	Author = {L. Karlson},
	Booktitle = ijcai,
	Title = {Conditional progressive planning under uncertainty},
	Year = 2001}

@misc{kautz98blackbox,
	Author = {Kautz, H. and Selman, B.},
	Title = {Blackbox: A SAT-technology planning system},
	Year = {1998}}

@inproceedings{kautz92,
	Author = {Kautz, H. and Selman, B.},
	Booktitle = {Proc. Tenth European Conference on Artificial Intelligence},
	Pages = {359-363},
	Title = {{Planning as Satisfiability}},
	Year = {1992}}

@inproceedings{kautz98a,
	Author = {H. Kautz and B. Selman},
	Booktitle = {Proceedings of the International Conference on AI Planning Systems (AIPS)},
	Title = {{The Role of Domain-Specific Knowledge in the Planning as Satisfiability Framework}},
	Year = 1998}

@inproceedings{kautz99unifying,
	Author = {H. Kautz and B. Selman},
	Booktitle = ijcai,
	Pages = {318--325},
	Title = {Unifying {SAT}-based and Graph-based Planning},
	Year = 1999}

@inproceedings{kautz82planning,
	Author = {H. A. Kautz},
	Booktitle = {Proceedings of the CSCSI/SCEIO},
	Pages = {19--26},
	Title = {Planning with First Order Dynamic Logic},
	Year = 1982}

@inproceedings{kautz96pushing,
	Author = {Kautz, Henry and Selman, Bart},
	Booktitle = bothai,
	Pages = {1194--1201},
	Title = {Pushing the envelope: Planning, propositional logic, and stochastic search},
	Year = {1996}}

@inproceedings{kautz99b,
	Author = {Kautz, Henry and Walser, Joachim P.},
	Booktitle = {Proceedings of the 17th National Conference of the American Association for Artificial Intelligence},
	Pages = {526-533},
	Title = {{State-space Planning by Integer Optimization}},
	Year = {1999}}

@article{kavraki98analysis,
	Author = {L. Kavraki and M. Kolountzakis and J.C. Latombe},
	Journal = roba,
	Number = 1,
	Pages = {166--171},
	Title = {Analysis of probabilistic roadmaps for path planning},
	Volume = 14,
	Year = 1998}

@article{kavraki96probabilistic,
	Author = {L. Kavraki and P. Svestka and J.C. Latombe and M.H. Overmars},
	Journal = roba,
	Number = 4,
	Pages = {566--580},
	Title = {Probabilistic roadmaps for path planning in high-dimensional configuration spaces},
	Volume = 12,
	Year = 1996}

@inproceedings{knight01balancing,
	Author = {Knight and Fisher and Estlin and Engelhardt and Chien},
	Booktitle = {Proc. IEEE Int. Conf. on Intelligent Robots and Systems (IROS 2001)},
	Month = {Oct-Nov},
	Title = {Balancing Deliberation and Reaction, Planning and Execution for Space Robotic Applications},
	Year = 2001}

@inproceedings{knoblock92analysis,
	Author = {Knoblock, C.},
	Booktitle = aips,
	Title = {An Analysis of {ABSTRIPS}},
	Year = 1992}

@inproceedings{knoblock96building,
	Author = {Knoblock, C.A.},
	Booktitle = aips,
	Title = {Building a planner for information gathering: a report from the trenches},
	Year = {1996}}

@incollection{knoblock92theory,
	Author = {Craig A. Knoblock},
	Booktitle = {to appear in Change of Representation and Inductive Bias},
	Editor = {D.P. Benjamin},
	Publisher = {Kluwer},
	Title = {A Theory of Abstraction for Hierarchical Planning},
	Year = {1992}}

@article{knoblock94automatically,
	Author = {Craig A. Knoblock},
	Journal = ai,
	Number = {2},
	Pages = {243--302},
	Title = {Automatically Generating Abstractions for Planning},
	Volume = {68},
	Year = {1994}}

@inproceedings{knoblock91characterizing,
	Author = {Craig A. Knoblock and J. D. Tenenberg and Qiang Yang},
	Booktitle = aaai,
	Month = {July},
	Pages = {692--698},
	Title = {Characterizing Abstraction Hierarchies for Planning},
	Year = 1991}

@book{knoblock93generating,
	Author = {Craig A. Knoblock},
	Publisher = {Kluwer},
	Title = {Generating Abstraction Hierarchies: An Automated Approach to Reducing Search in Planning},
	Year = 1993}

@inproceedings{bib:knoblock95planning,
	Address = {San Francisco},
	Author = {Craig A. Knoblock},
	Booktitle = {IJCAI},
	Editor = {Chris Mellish},
	Pages = {1686--1693},
	Publisher = {Morgan Kaufmann},
	Title = {Planning, Executing, Sensing, and Replanning for Information Gathering},
	Year = {1995}}

@article{knoblock95relating,
	Author = {Craig A. Knoblock and Qiang Yang},
	Journal = {SIGART Bulletin},
	Number = 1,
	Title = {Relating the performance of partial-order planning algorithms to domain features},
	Volume = 6,
	Year = 1995}

@inproceedings{koehler94,
	Author = {J. Koehler},
	Booktitle = {Artificial Intelligence Planning Systems},
	Pages = {104-109},
	Title = {Avoiding Pitfalls in Case-based Planning},
	Year = {1994}}

@inproceedings{koehler93,
	Author = {J. Koehler},
	Booktitle = ecp,
	Publisher = {IOS press},
	Title = {Flexible Plan Reuse in a Formal Framework},
	Year = 1993}

@inproceedings{koehler00elevator,
	Author = {Jana Koehler and Kilian Schuster},
	Booktitle = aips,
	Pages = {331-338},
	Title = {Elevator control as a planning problem},
	Year = 2000}

@inproceedings{koehler97extending,
	Author = {Jana Koehler and Bernhard Nebel and J. Hoffmann and Y. Dimopoulos},
	Booktitle = ecp,
	Pages = {275--287},
	Title = {Extending Planning Graphs to an {ADL} Subset},
	Year = {1997}}

@inproceedings{koehler98planning,
	Author = {Jana Koehler},
	Booktitle = ecai,
	Pages = {489--493},
	Title = {Planning under Resource Constraints},
	Year = {1998}}

@inproceedings{koenig98,
	Author = {S. Koenig and R. Simmons},
	Booktitle = {Proceedings of the International Conference on Artificial Intelligence Planning and Scheduling},
	Title = {Solving robot navigation problems with initial pose uncertainty using real-time heuristic search},
	Year = {1998}}

@techreport{konolige80first-order,
	Author = {K. Konolige},
	Institution = {SRI},
	Month = dec,
	Number = {233},
	Title = {A First-order Formalization of Knowledge and Belief for a Multi-agent Planning system},
	Year = {1980}}

@article{bib:Korf87PlanningAsSearch,
	Author = {Richard E. Korf},
	Journal = ai,
	Number = {1},
	Pages = {65--68},
	Title = {Planning as search: a quantitative approach},
	Volume = {33},
	Year = {1987}}

@techreport{kosy83knowledge-based,
	Author = {Donald Kosy and Vasant Dhar},
	Institution = {Carnegie-Mellon University},
	Number = {CMU-RI-TR-83-21},
	Title = {Knowledge-Based Support Systems for Long Range Planning},
	Year = {1983}}

@inproceedings{kuffner00rrt-connect,
	Author = {J. Kuffner and S. Lavalle},
	Booktitle = icra,
	Title = {{RRT}-Connect: an efficient approach to single-query path planning},
	Year = 2000}

@article{kushmerick95algorithm,
	Author = {N. Kushmerick and S. Hanks and D.S. Weld},
	Journal = ai,
	Month = jul,
	Number = {1--2},
	Pages = {239--286},
	Title = {An algorithm for probabilistic planning},
	Volume = {76},
	Year = {1995}}

@techreport{kusiak89process,
	Address = {Iowa City, IA},
	Author = {Andrew Kusiak},
	Institution = {Department of Industrial and Management Engineering, The University of Iowa},
	Number = {R89104},
	Title = {Process Planning: A Knowledge-Based and Optimization Perspective},
	Year = {1989}}

@inproceedings{kuter05hierarchical,
	Author = {Ugur Kuter and Dand Nau and Marco Pistore and Paolo Traverso},
	Booktitle = icaps,
	Month = jun,
	Pages = {300-309},
	Title = {A Hierarchical Task-Network Planner based on Symbolic Model Checking},
	Year = {2005}}

@inproceedings{kuter06controlled,
	Author = {Ugur Kuter and Dana Nau},
	Booktitle = aaai,
	Title = {Controlled Search over Compact State Representations, in Nondeterministic Planning Domains and Beyond},
	Year = 2006}

@inproceedings{kuter04forward,
	Author = {Ugur Kuter and Dana Nau},
	Booktitle = aaai,
	Month = jul,
	Pages = {513-518},
	Title = {Forward-Chaining Planning in Nondeterministic Domains},
	Year = 2004}

@article{kuter05information,
	Author = {Ugur Kuter and Evren Sirin and Bijan Parsia and Dana Nau and James Hendler},
	Journal = {Journal of Web Semantics:},
	Title = {Information Gathering During Planning for Web Service Composition},
	Year = 2005}

@inproceedings{kuter04interactive2,
	Author = {Ugur Kuter and Dana Nau and Don Gossink and John F. Lemmer},
	Booktitle = {Proceedings of the Third International Conference on Knowledge Systems for Coalition Operations (KSCO-2004)},
	Month = oct,
	Pages = {37-52},
	Title = {Interactive Course-of-Action Planning Using Causal Models},
	Year = {2004 (postponed)}}

@inproceedings{kuter05using,
	Author = {Ugur Kuter and Dana Nau},
	Booktitle = aaai,
	Month = jul,
	Title = {Using Domain-Configurable Search Control for Probabilistic Planning},
	Year = 2005}

@inproceedings{kvarnstrom02applying,
	Author = {J. Kvarnstr{\"o}m},
	Booktitle = aips,
	Pages = {101--110},
	Publisher = {AAAI Press},
	Title = {Applying Domain Analysis Techniques for Domain-Dependent Control in {TAL}planner},
	Year = {2002}}

@inproceedings{kvarnstrom00extending,
	Author = {J. Kvarnstr{\"o}m and P. Doherty and P. Haslum},
	Booktitle = ecp,
	Title = {Extending {TAL}planner with concurrency and resources},
	Year = 2000}

@inproceedings{laborie95planning,
	Author = {P. Laborie and M. Ghallab},
	Booktitle = ijcai,
	Pages = {1643--1649},
	Title = {Planning with sharable resource constraints},
	Year = 1995}

@article{laborie03algorithms,
	Author = {Philippe Laborie},
	Journal = ai,
	Pages = {151--188},
	Title = {Algorithms for propagating resource constraints in AI planning and scheduing: existing approaches and new results},
	Volume = 142,
	Year = 2003}

@inproceedings{lacroix92perception,
	Author = {S. Lacroix and P. Grandjean and M. Ghallab},
	Booktitle = {Proceedings of the IEEE International Conference on Robotics and Automation (IEEE-ICRA)},
	Title = {Perception Planning for a Multisensor Interpretation Machine},
	Year = 1992}

@inproceedings{lago02,
	Author = {U. Dal Lago and M. Pistore and P. Traverso},
	Booktitle = {In Proceedings of the Eighteenth National Conference on Artificial Intelligence (AAAI-02)},
	Title = {Planning with a Language for Extended Goals},
	Year = {2002}}

@article{langlotz89logical,
	Author = {Langlotz, C. P. and Shortliffe, E. H.},
	Journal = {AI magazine},
	Title = {Logical and Decision-Theoretic Methods for Planning under Uncertainty},
	Year = {1989}}

@inproceedings{lansky95scope,
	Address = {Montreal, Canada},
	Author = {A. L. Lansky and L. C. Getoor},
	Booktitle = ijcai,
	Pages = {1612--1618},
	Title = {Scope and Abstraction: Two Criteria for Localized Planning},
	Year = {1995}}

@inproceedings{lansky91localized,
	Author = {Amy Lansky},
	Booktitle = ijcai,
	Title = {Localized Search for Multiagent Planning},
	Year = {1991}}

@book{latombe91robot,
	Author = {J.C. Latombe},
	Publisher = {Kluwer Academic Publishers},
	Title = {Robot Motion Planning},
	Year = 1991}

@inproceedings{lemai04interleaving,
	Author = {S. Lemai and F. Ingrand},
	Booktitle = aaai,
	Title = {Interleaving Temporal Planning and Execution in Robotics Domains},
	Year = 2004}

@article{levine00o-p3,
	Author = {J. levine and A. Tate and J. Dalton},
	Journal = {IEEE Intelligent Systems},
	Month = {November/December},
	Number = 6,
	Title = {O-P3: Supporting the Planning Process using Open Planning Process Panels},
	Volume = 15,
	Year = 2000}

@article{levinson94general,
	Author = {R. Levinson},
	Journal = ai,
	Pages = {281--300},
	Title = {A General Programming Langage for Unified Planning and Control},
	Volume = {76},
	Year = 1994}

@inproceedings{liatsos99scalability,
	Author = {V. Liatsos and B. Richard},
	Booktitle = ecp,
	Editor = {S. Biundo and Maria Fox},
	Pages = {49--61},
	Publisher = {Springer-Verlag},
	Series = lnai,
	Title = {Scalability in Planning},
	Volume = 1809,
	Year = 1999}

@inproceedings{lifschitz99,
	Author = {V. Lifschitz},
	Booktitle = {The Logic Programming Paradigm: a 25-Year Perspective, Springer-Verlag},
	Pages = {357-373},
	Title = {{Action languages, answer sets and planning}},
	Year = 1999}

@incollection{lifschitz90semantics,
	Author = {Vladimir Lifschitz},
	Booktitle = {Readings in Planning},
	Editor = {James Allen and James Hendler and Austin Tate},
	Pages = {523--530},
	Publisher = {Morgan Kaufmann},
	Title = {On the Semantics of STRIPS},
	Year = 1990}

@inproceedings{littman97,
	Address = {Providence, RI},
	Author = {Littman, M.L.},
	Booktitle = {Proceedings of the Fourteenth National Conference on Artificial Intelligence},
	Pages = {748--754},
	Title = {Probabilistic propositional planning: Representations and complexity},
	Year = {1997}}

@webpage{littman04probabilistic,
	Url = {http://www.cs.rutgers.edu/~mlittman/topics/ipc04-pt},
	Year = 2004,
	Bdsk-Url-1 = {http://www.cs.rutgers.edu/~mlittman/topics/ipc04-pt}}

@inproceedings{littman97probabilistic,
	Address = {Providence, Rhode Island},
	Author = {Michael L. Littman},
	Booktitle = bothai,
	Pages = {748--761},
	Publisher = {AAAI Press / MIT Press},
	Title = {Probabilistic Propositional Planning: Representations and Complexity},
	Year = {1997}}

@article{littman98computational,
	Author = {Michael L. Littman and Judy Goldsmith and Martin Mundhenk},
	Journal = jair,
	Pages = {1--36},
	Title = {The Computational Complexity of Probabilistic Planning},
	Volume = {9},
	Year = {1998}}

@inproceedings{liu90symmetry,
	Author = {Yanxi Liu and Robin J. Poppleston},
	Booktitle = aaai,
	Title = {Symmetry Constraint Inference in Assembly Planning},
	Year = {1990}}

@techreport{loatman83introduction,
	Author = {Bruce Loatman},
	Institution = {Planning Research Corporation},
	Month = {December},
	Number = {TR-84-1},
	Title = {Introduction to Knowledge-Based Systems and the PRC Integrated Knowledge-Programming System (PIKS)},
	Year = {1983}}

@inproceedings{long01encoding,
	Author = {Derek Long and Maria Fox},
	Booktitle = {UK Planning and Scheduling SIG},
	Month = {December},
	Title = {Encoding Temporal Planning Domains and Validating Temporal Plans},
	Year = 2001}

@inproceedings{long02fast,
	Author = {Derek Long and Maria Fox},
	Booktitle = {AIPS Workshop on Planning for Temporal Domains},
	Month = {April},
	Title = {Fast Temporal Planning in a Graphplan Framework},
	Year = {2002}}

@article{long033rd,
	Author = {Derek Long and Maria Fox},
	Journal = jair,
	Pages = {1-59},
	Title = {The 3rd International Planning Competition: Results and Analysis},
	Volume = 20,
	Year = 2003}

@inproceedings{lotem00,
	Address = {Breckenridge, CO},
	Author = {Lotem, Amnon and Nau, Dana},
	Booktitle = {Proc. Fifth International Conference on Artificial Intelligence Planning and Scheduling (AIPS-2000)},
	Month = {April 14-17},
	Pages = {206-215},
	Title = {{New Advances in GraphHTN: Identifying Independent Subproblems in Large HTN Domains}},
	Year = {2000}}

@inproceedings{lotem99planning,
	Author = {Lotem, Amnon and Dana S. Nau and James Hendler},
	Booktitle = bothai,
	Pages = {534--540},
	Title = {Using Planning Graphs for Solving {HTN} Problems},
	Year = {1999}}

@inproceedings{lyons94testing,
	Author = {D. M. Lyons and A. J. Hendriks},
	Booktitle = aips,
	Pages = {116--121},
	Title = {Testing incremental adaptation.},
	Year = {1994}}

@inproceedings{lyons92practical,
	Author = {D.M. Lyons and A.J. Hendriks},
	Booktitle = aips,
	Pages = {153--162},
	Title = {A Practical Approach to Integrating Reaction and Deliberation},
	Year = 1992}

@inproceedings{mahanti91ai,
	Address = {Kauai, Hawaii},
	Author = {A. Mahanti and R. Karinthi and Subrata Ghosh and A. Pal},
	Booktitle = {The 4th International Conference on Industrial and Engineering Applications of Artificial Intelligence and Expert Systems},
	Month = {June},
	Title = {{AI} Search for Minimum-Cost Set Cover and Multiple-Goal Plan Optimization Problems - Applications to Manufacturing, Scheduling and Planning},
	Year = {1991}}

@inproceedings{mahanti91heuristic,
	Address = {Miami Beach, FL},
	Author = {Ambujaksha Mahanti and Raghu Karinthi and Subrata Ghosh and Asim Pal},
	Booktitle = {The Seventh IEEE Conference on Artificial Intelligence Applications},
	Month = {February},
	Title = {Heuristic Search for Optimization Problems in Process Planning},
	Year = {1991}}

@inproceedings{majercik98,
	Author = {S. S. Majercik and M. L. Littman},
	Booktitle = {In Proceedings of the Sixth International Conference on AI Planning and Scheduling (AIPS'02)},
	Title = {MAXPLAN: A New Approach to Probabilistic Planning},
	Year = {2002}}

@inproceedings{mali98,
	Author = {Amol Dattatraya Mali and Subbarao Kambhampati},
	Booktitle = {Artificial Intelligence Planning Systems},
	Pages = {190-198},
	Title = {Encoding {HTN} Planning in Propositional Logic},
	Year = {1998}}

@inproceedings{maller02timed,
	Author = {O. Maller},
	Booktitle = {AIPS Workshop on Planning in Temporal Domains},
	Pages = {67--70},
	Title = {Timed Automata as an Underlying Model for Planning and Scheduling},
	Year = 2002}

@inproceedings{bib:Martinez04wsc-by-pks,
	Author = {Erick Martinez and Yves Lesperance},
	Booktitle = {ICAPS-2004 Workshop on Planning and Scheduling for Web and Grid Services},
	Month = {June},
	Title = {Web Service Composition as a Planning Task: Experiments using Knowledge-Based Planning},
	Year = {2004}}

@inproceedings{mcallester91,
	Address = {Anaheim, California, USA},
	Author = {David McAllester and David Rosenblitt},
	Booktitle = {Proceedings of the Ninth National Conference on Artificial Intelligence ({AAAI}-91)},
	Pages = {634--639},
	Publisher = {AAAI Press/MIT Press},
	Title = {Systematic Nonlinear Planning},
	Volume = {2},
	Year = {1991}}

@webpage{mcdermott98aips-98,
	Url = {http://ftp.cs.yale.edu/pub/mcdermott/aipscomp-results.html},
	Year = {1998},
	Bdsk-Url-1 = {http://ftp.cs.yale.edu/pub/mcdermott/aipscomp-results.html}}

@inproceedings{bib:McDermott02ws,
	Author = {Drew McDermott},
	Booktitle = aips,
	Title = {Estimated-Regression Planning for Interactions with Web Services},
	Year = {2002}}

@techreport{mcdermott98pddl,
	Author = {Drew McDermott},
	Institution = {Yale Center for Computational Vision and Control},
	Title = {{PDDL}, the planning domain definition language},
	Year = 1998}

@article{mcdermott78planning,
	Author = {Drew McDermott},
	Journal = {Cognitive Science},
	Number = {2},
	Pages = {71--109},
	Title = {Planning and Acting},
	Volume = {2},
	Year = {1978}}

@article{mcdermott91regression,
	Author = {Drew McDermott},
	Journal = {International Journal of Intelligent Systems},
	Pages = {357--416},
	Title = {Regression Planning},
	Volume = 6,
	Year = 1991}

@article{mcdermott92robot,
	Author = {Drew McDermott},
	Journal = {AI Magazine},
	Month = {Summer},
	Number = 2,
	Pages = {55--79},
	Title = {Robot Planning},
	Volume = 13,
	Year = 1992}

@article{mcdermott99regression,
	Author = {Drew McDermott},
	Journal = ai,
	Number = {1-2},
	Pages = {111--160},
	Title = {Using Regression Graphs to Control Search in Planning},
	Volume = 109,
	Year = 1999}

@inproceedings{meyer98process,
	Author = {Meyer, Jeff and Michael O. Ball and Baras, John and Chowdhury, Abdur and Lin, Edward and Dana S. Nau and Rajamani, Ravi and Trichur, Vinai},
	Booktitle = {1998 Artificial Intelligence and Manufacturing: State of the Art and State of Practice},
	Month = {September},
	Title = {Process Planning in Microwave Module Production},
	Year = {1998}}

@inproceedings{miller89automatic,
	Address = {Scottsdale, AZ},
	Author = {Joseph Miller and Richard Hoffman},
	Booktitle = {IEEE International Conference on Robotics and Automation},
	Month = {May},
	Pages = {69--74},
	Title = {Automatic Assembly Planning with Fasteners},
	Year = {1989}}

@inproceedings{minton91commitment,
	Author = {Minton, S. and Bresina, J. and Drummond, M.},
	Booktitle = ijcai,
	Pages = {259--265},
	Title = {Commitment strategies in planning: A comparative analysis},
	Year = 1991}

@inproceedings{minton92total,
	Author = {Minton, S. and Drummond, M. and Bresina, J.L. and Philips, A.B.},
	Booktitle = kr,
	Pages = {83--92},
	Title = {Total Order vs. Partial Order Planning: Factors Influencing Performance},
	Year = 1992}

@phdthesis{missiaen91localized,
	Author = {Missiaen, L.},
	School = {Dept of Computer Science, K.U.Leuven},
	Title = {Localized Abductive Planning with the Event Calculus},
	Year = 1991}

@inproceedings{mitchell97hybrid,
	Author = {Mitchell, S.W.},
	Booktitle = bothai,
	Pages = {1032--1037},
	Title = {A hybrid architecture for real-time mixed-initiative planning and control},
	Year = 1997}

@inproceedings{mouaddib99anytime,
	Author = {Mouaddib, A.I.},
	Booktitle = bothai,
	Title = {Anytime Coordination for Progressive Planning Agents},
	Year = {1999}}

@article{munoz96,
	Author = {H. Mu{\~n}oz-Avila and F. Weberskirch},
	Journal = {Proc. 3rd Int. Conference on AI Planning Systems (AIPS-96)},
	Title = {{Planning for Manufacturing Workpieces by Storing, Indexing and Replaying Planning Decisions}},
	Year = {1996}}

@inproceedings{munoz-avila94controlling,
	Author = {H\'ector Mu{\~n}oz-Avila and J. Paulokat and S. Wess},
	Booktitle = ewcbr,
	Pages = {195--203},
	Title = {Controlling Nonlinear Hierarchical Planning by Case Replay},
	Year = {1994}}

@inproceedings{munoz99b,
	Author = {H\'ector Mu{\~n}oz-Avila and Aha, D. and Breslow, L. and Nau, Dana S.},
	Booktitle = iaai,
	Pages = {870-875},
	Title = {{HICAP:} an interactive case-based planning architecture and its application to noncombatant evacuation operations},
	Year = {1999}}

@inproceedings{munoz-avila00integrating,
	Address = {Trento, Italy},
	Author = {H{\'e}ctor Mu{\~n}oz-Avila and David W. Aha and Breslow, Leonard A. and Dana S. Nau and Weber, Rosina},
	Booktitle = {EWCBR-2000},
	Publisher = {Springer-Verlag},
	Title = {Integrating Conversational Case Retrieval with Generative Planning},
	Year = {2000}}

@incollection{munoz-avila02knowledge-based,
	Author = {H{\'e}ctor Mu{\~n}oz-Avila and Gupta, Kalyan and David W. Aha and Dana S. Nau},
	Booktitle = {Workshop on Knowledge Management and Organizational Memories},
	Editor = {Rose Dieng-Kuntz and Nada Matta},
	Publisher = {Kluwer},
	Title = {Knowledge-Based Project Planning},
	Year = 2002}

@inproceedings{munoz-avila99guidelines,
	Author = {H{\'e}ctor Mu{\~n}oz-Avila and McFarlane, D. and David W. Aha and Ballas, J. and Breslow, L. and Dana S. Nau},
	Booktitle = iccbr,
	Pages = {288--302},
	Title = {Using guidelines to constrain interactive case-based {HTN} planning},
	Year = {1999}}

@techreport{murray92evaluation,
	Author = {Cheryl Murray and Qiang Yang},
	Institution = {Department of Computer Science, University of Waterloo},
	Number = {CS-92-34},
	Title = {An Evaluation of the Temporal Coherence Heuristic for Nonlinear Planning},
	Year = {1992}}

@inproceedings{muscettola02idea,
	Author = {N. Muscettola and G. Dorais and C. Fry and R. Levinson and C. Plaunt},
	Booktitle = {International NASA Workshop on Planning and Scheduling for Space},
	Title = {{IDEA}: Planning at the core of autonomous reactive agents},
	Year = 2002}

@inproceedings{muscettola88probabilistic,
	Author = {Nicola Muscettola and Stephen F. Smith},
	Booktitle = {Proceeding of the 10th International Joint Conference on Artificial Intelligence},
	Title = {A Probabilistic Framework for Resource-Constrained Multi-Agent Planning},
	Year = {1988}}

@inproceedings{myers96advisable,
	Author = {K. Myers},
	Booktitle = {Advanced Planning Technology},
	Editor = {A. Tate},
	Publisher = {AAAI Press.},
	Title = {Advisable planning systems},
	Year = 1996}

@inproceedings{myers03mixed-initiative,
	Author = {Myers, K. L. and Jarvis, P. A. and Tyson, W. M. and Wolverton, M. J.},
	Booktitle = {Thirteenth International Conference on Automated Planning and Scheduling (ICAPS-03)},
	Title = {A Mixed-initiative Framework for Robust Plan Sketching},
	Year = {2003}}

@inproceedings{muscettola94hsts,
	Author = {N.~Muscettola},
	Booktitle = {Intelligent Scheduling},
	Editor = {M. Zweben and M. Fox},
	Pages = {169--212},
	Publisher = {Morgan Kauffmann},
	Title = {{HSTS}: Integrating planning and scheduling},
	Year = 1994}

@article{nau07current,
	Author = {Dana Nau},
	Journal = {AI Magazine},
	Title = {Current Trends in Automated Planning},
	Year = 2007}

@article{nau03shop2,
	Author = {Dana Nau and Tsz-Chiu Au and Okhtay Ilghami and Ugur Kuter and William Murdock and Dan Wu and Fusun Yaman},
	Journal = {JAIR},
	Month = {December},
	Pages = {379-404},
	Title = {{SHOP2}: An {HTN} Planning System},
	Volume = 20,
	Year = 2003}

@inproceedings{nau85knowledge-based,
	Address = {Miami Beach, Fla.},
	Author = {Dana S. Nau and Tien-Chien Chang},
	Booktitle = {Production Engineering Conference at ASME Winter Annual Meeting},
	Month = {November},
	Pages = {65--71},
	Title = {A Knowledge-Based Approach to Generative Process Planning},
	Year = {1985}}

@techreport{nau84artificial,
	Author = {Dana S. Nau and James A. Reggia and Blanks, M. W. and Peng, Y. and Sutton, D.},
	Institution = {Computer Science Dept., University of Maryland},
	Month = {Feb.},
	Number = {TR-1382},
	Title = {Artificial Intelligence Approaches for Automated Process Planning and Control},
	Year = {1984}}

@article{nau87automated,
	Author = {Dana S. Nau},
	Journal = {TI Technical Journal},
	Pages = {39--46},
	Title = {Automated Process Planning Using Hierarchical Abstraction},
	Year = {1987}}

@inproceedings{nau96commitment,
	Author = {Dana S. Nau},
	Booktitle = {Dagstuhl Meeting on Control of Search in AI Planning},
	Month = {November},
	Title = {Commitment Strategies in Hierarchical Task Network Planning},
	Year = {1996}}

@inproceedings{nau98control,
	Author = {Dana S. Nau and Smith, Stephen J. J. and Kutluhan Erol},
	Booktitle = bothai,
	Pages = {1127--1133},
	Title = {Control Strategies in {HTN} Planning: Theory versus Practice},
	Year = {1998}}

@inproceedings{nau00design,
	Address = {Vancouver, Canada},
	Author = {Dana S. Nau and Herrmann, Jeffrey W. and William C. Regli},
	Booktitle = {2000 NSF Design and Manufacturing Research Conference},
	Title = {Design Classification and Hybrid Variant-Generative Process Planning},
	Year = {2000}}

@inproceedings{nau85forward,
	Author = {Dana S. Nau and Tien-Chien Chang},
	Booktitle = {Intelligent Systems: Their Development and Application},
	Month = {June},
	Title = {Forward Chaining, Hierarchical Problem Solving, and Generative Process Planning in Prolog},
	Year = {1985}}

@article{nau86hierarchical,
	Author = {Dana S. Nau and Tien-Chien Chang},
	Journal = {Jour. Intelligent Systems},
	Number = {1},
	Pages = {29--44},
	Title = {Hierarchical Representation of Problem-Solving Knowledge in a Frame-Based Process Planning System},
	Volume = {1},
	Year = {1986}}

@inproceedings{nau00integrating,
	Address = {Austin, TX},
	Author = {Dana S. Nau and Meyer, Jeff and Ball, Mike and Baras, John and Chowdhury, Abdur and Lin, Edward and Rajamani, Ravi and Trichur, Vinai},
	Booktitle = {AAAI-2000 Workshop on Integration of AI and OR Techniques for Combinatorial Optimization},
	Publisher = {AAAI Press},
	Title = {Integrating {AI} Planning and Integer Programming for Use in Integrated Product and Process Design},
	Year = {2000}}

@inproceedings{nau83issues,
	Author = {Dana S. Nau},
	Booktitle = {Proc. Workshop on Spatial Knowledge Representation and Processing},
	Month = {May},
	Title = {Issues in Spatial Reasoning and Representation for Automated Process Planning},
	Year = {1983}}

@inproceedings{nau04measuring,
	Author = {Dana S. Nau and Malik Ghallab},
	Booktitle = {Performance Metrics for Intelligent Systems Workshop (PerMIS '04)},
	Month = aug,
	Title = {Measuring the Performance of Automated Planning Systems},
	Year = 2004}

@inproceedings{nau00ordered,
	Address = {Austin, TX},
	Author = {Dana S. Nau and David W. Aha and H{\'e}ctor Mu{\~n}oz-Avila},
	Booktitle = {AAAI-2000 Workshop on Representational Issues for Real-World Planning Systems},
	Publisher = {AAAI Press},
	Title = {Ordered Task Decomposition},
	Year = {2000}}

@inproceedings{nau89planning,
	Author = {Dana S. Nau and Qiang Yang and James Hendler},
	Booktitle = {Fifth IEEE Conference on Artificial Intelligence Applications},
	Title = {Planning for Multiple Goals with Limited Interactions},
	Year = {1989}}

@incollection{nau85prospects,
	Author = {Dana S. Nau and Tien-Chien Chang},
	Booktitle = {Computer-Aided Process Planning},
	Publisher = {Society of Manufacturing Engineers},
	Title = {Prospects for Process Selection Using Artificial Intelligence},
	Year = {1985}}

@inproceedings{nau96search-space,
	Author = {Dana S. Nau and Tsuneto, R. and Kutluhan Erol and James Hendler},
	Booktitle = {AAAI Workshop on Structural Issues in Planning and Temporal Reasoning},
	Month = {August},
	Title = {Search-Space Minimization for Efficient Refinement Planning},
	Year = {1996}}

@techreport{nau00shop,
	Author = {Dana S. Nau and Cao, Yue and Lotem, Amnon and H{\'e}ctor Mu{\~n}oz-Avila},
	Institution = {University of Maryland},
	Month = jun,
	Number = {CS TR 4157},
	Title = {{SHOP} and {M-SHOP}: Planning with Ordered Task Decomposition},
	Year = {2000}}

@inproceedings{nau97bridge,
	Author = {Dana S. Nau and Smith, S. and Throop, T.},
	Booktitle = {European Conference on AI Planning},
	Month = {September},
	Title = {The Bridge Baron: A Big Win for {AI} Planning},
	Year = {1997}}

@article{nau01shop,
	Author = {Dana S. Nau and Cao, Yue and Lotem, Amnon and H\'ector Mu{\~n}oz-Avila},
	Journal = {AI Magazine},
	Title = {The {SHOP} Planning System},
	Year = {2001}}

@inproceedings{nau01total-order,
	Address = {Seattle},
	Author = {Dana S. Nau and H\'ector Mu{\~n}oz-Avila and Y. Cao and A. Lotem and S. Mitchell},
	Booktitle = ijcai,
	Month = {August},
	Title = {Total-Order Planning with Partially Ordered Subtasks},
	Year = {2001}}

@inproceedings{nebel97ignoring,
	Author = {Bernhard Nebel and Y. Dimopoulos and Jana Koehler},
	Booktitle = ecp,
	Pages = {340--352},
	Title = {Ignoring Irrelevant Facts and Operators in Plan Generation},
	Year = {1997}}

@article{nebel00compilability,
	Author = {Bernhard Nebel},
	Journal = jair,
	Pages = {271--315},
	Title = {On the Compilability and Expressive Power of Propositional Planning Formalisms},
	Volume = 12,
	Year = 2000}

@inproceedings{nguyen00extracting,
	Author = {N. Nguyen and Subbarao Kambhampati},
	Booktitle = bothai,
	Title = {Extracting Effective and Admissible State Space Heuristics from the Planning Graph},
	Year = 2000}

@article{nguyen02planning,
	Author = {N. Nguyen and Subbarao Kambhampati and R. Nigenda},
	Journal = ai,
	Title = {Planning Graph as the Basis for Deriving Heuristics for Plan Synthsis by State Space and {CSP} Search},
	Year = 2002}

@article{nguyen01reviving,
	Author = {N. Nguyen and Subbarao Kambhampati},
	Journal = ijcai,
	Title = {Reviving Partial Order Planning},
	Year = 2001}

@inproceedings{onder99conditional,
	Author = {N. Onder and M. E. Pollack},
	Booktitle = aaai,
	Pages = {577--584},
	Title = {Conditional, Probabilistic Planning: A Unifying Algorithm and Effective Search Control Mechanisms},
	Year = 1999}

@inproceedings{palacios02planning,
	Author = {H. Palacios and H. Geffner},
	Booktitle = {XVIII Latin-American Conference on Informatics (CLEI-2002)},
	Month = 11,
	Title = {Planning as Branch and Bound: A Constraint Programming Implementation},
	Year = 2002}

@unpublished{pearl81goddess,
	Author = {Judea Pearl and Antonio Leal and Joseph Saleh},
	Title = {Goddess: A Conversational, Domain-Independent, Knowledge-Acquisition System for Structuring Planning Problems},
	Year = {1981}}

@inproceedings{pecora02,
	Author = {F. Pecora and A. Cesta},
	Booktitle = {ICMAS},
	Title = {Planning and scheduling Ingredients for a multi-agent system},
	Year = 2002}

@inproceedings{pednault88extending,
	Author = {Pednault, E.},
	Booktitle = aaai,
	Title = {Extending Conventional Planning Techniques to Handle Actions with Context-Dependent Effects},
	Year = 1988}

@inproceedings{pednault91generalizing,
	Author = {E. Pednault},
	Booktitle = ijcai,
	Pages = {240--245},
	Title = {Generalizing Nonlinear Planning to Handle Complex Goals and Actions with Context-Dependent Effects},
	Year = 1991}

@inproceedings{pell97robust,
	Author = {B. Pell and E. Gat and R. Keesing and N. Muscettola and B. Smith},
	Booktitle = ijcai,
	Title = {Robust Periodic Planning and Execution for Autonomous Spacecraft},
	Year = 1997}

@inproceedings{penberthy94,
	Address = {Seattle},
	Author = {Penberthy, J. Scott and Weld, Daniel S.},
	Booktitle = {Proc. Twelfth National Conference on AI},
	Pages = {1010-1015},
	Publisher = {AAAI},
	Title = {{Temporal Planning with Continuous Change}},
	Year = {1994}}

@inproceedings{peot92,
	Author = {M. Peot and D. Smith},
	Booktitle = {AIPS},
	Pages = {189-197},
	Title = {Conditional Nonlinear Planning},
	Year = 1992}

@inproceedings{peot93threat-removal,
	Author = {M. Peot and D. Smith},
	Booktitle = aaai,
	Pages = {492--499},
	Title = {Threat-Removal Strategies for Partial-Order Planning},
	Year = 1993}

@inproceedings{petrick02pks,
	Author = {R. Petrick and Fahiem Bacchus},
	Booktitle = aips,
	Title = {A Knowledge-Based Approach to Planning with Incomplete Information and Sensing},
	Year = {2002}}

@inproceedings{bib:Petrick04pks,
	Author = {Ronald P. A. Petrick and Fahiem Bacchus},
	Booktitle = icaps,
	Pages = {2--11},
	Title = {Extending the Knowledge-Based approach to Planning with Incomplete Information and Sensing},
	Year = {2004}}

@techreport{petrie89planning,
	Author = {Petrie, Jr., Charles and Robert Causey and Donald Steiner and Vasant Dhar},
	Institution = {Microelectronics and Computer Technology Corporation},
	Month = {June},
	Number = {MCC Technical Report Number ACT-AI-020-89},
	Title = {A Planning Problem: Revisable Academic Course Scheduling},
	Year = {1989}}

@inproceedings{pistore01planning,
	Address = {Seattle, USA},
	Author = {M. Pistore and P. Traverso},
	Booktitle = ijcai,
	Month = {August},
	Pages = {479--484},
	Publisher = {Morgan Kaufmann},
	Title = {Planning as Model Checking for Extended Goals in Non-deterministic Domains},
	Year = {2001}}

@inproceedings{pistore01,
	Author = {M. Pistore and R. Bettin and P. Traverso},
	Booktitle = {Proc. ECP'01},
	Title = {Symbolic techniques for planning with extended goals in non-deterministic domains},
	Year = {2001}}

@inproceedings{bib:Pistore04wsc2,
	Author = {Marco Pistore and Fabio Barbon and Piergiorgio Bertoli and Dmitry Shaparau and Paolo Traverso},
	Booktitle = {AIMSA},
	Title = {Planning and Monitoring Web Service Composition},
	Year = {2004}}

@inproceedings{pollack02autominder,
	Author = {M. E. Pollack and C. E .McCarthy and S. Ramakrishnan and I. Tsamardinos and L. Brown and S. Carrion and D. Colbry and C. Orosz and B. Peintner},
	Booktitle = {International Conference on Intelligent Autonomous Systems},
	Title = {Autominder: A Planning, Monitoring, and Reminding Assistive Agent},
	Year = 2002}

@article{pollack97,
	Author = {Pollack, M. E. and Joslin, D. and Paolucci, M.},
	Journal = {Journal of Artificial Intelligence Research},
	Pages = {223-262},
	Title = {{Flaw Selection Strategies for Partial-Order Planning}},
	Volume = {6},
	Year = {1997}}

@techreport{prabhat90knowledge,
	Address = {Madras, India},
	Author = {G.B. Prabhat},
	Institution = {Corporate Planning and Development, Sundram Fasteners Limited},
	Title = {A Knowledge Based Framework for Process Planning},
	Year = {1990}}

@article{prabhu90operations,
	Author = {P. Prabhu and S. Elhence and H. Wang and R. Wysk},
	Journal = {Journal of Manufacturing Systems},
	Number = 4,
	Pages = {283--291},
	Title = {An Operations Network Generator for Computer Aided Process Planning},
	Volume = 9,
	Year = 1990}

@article{pryor96,
	Author = {L. Pryor and G. Collin},
	Journal = {J. of Artificial Intelligence Research},
	Pages = {81--120},
	Title = {{Planning for Contingency: a Decision Based Approach}},
	Volume = {4},
	Year = {1996}}

@inproceedings{pu91assembly,
	Address = {Edinburgh, United Kingdom},
	Author = {Pearl Pu and Markus Reschberger},
	Booktitle = {First International Conference on Artificial Intelligence in Design},
	Month = {June},
	Title = {Assembly Sequence Planning Using Case-based Reasoning Techniques},
	Year = {1991}}

@inproceedings{pu91case-based,
	Address = {Washington, DC},
	Author = {Pearl Pu and Markus Reschberger},
	Booktitle = {1991 DARPA Workshop on Case-based Reasoning},
	Month = {May},
	Title = {Case-based Assembly Planning},
	Year = {1991}}

@article{rabideau03interactive,
	Author = {G. Rabideau and Steve Chien and J. Willis and T. Mann},
	Journal = ai,
	Title = {Interactive, Repair-Based Planning and Scheduling for Shuttle Payload Operations},
	Year = 2003}

@techreport{ray93national,
	Author = {Steven R. Ray and Allison Barnard Feeney},
	Institution = {National Institute of Standards and Technology (NIST)},
	Month = {April},
	Number = {NISTIR 5169},
	Title = {A National Testbed for Process Planning Research},
	Year = {1993}}

@inproceedings{rintanen02,
	Author = {J. Rintanen},
	Booktitle = {In Proceedings of the Sixth International Conference on AI Planning and Scheduling (AIPS'02)},
	Title = {Backward Plan Construction for Planning as Search in Belief Space},
	Year = {2002}}

@inproceedings{rintanen05conditional,
	Author = {J. Rintanen},
	Booktitle = ijcai,
	Title = {Conditional planning in the discrete belief space},
	Year = 2005}

@unpublished{rosenschein86integrating,
	Author = {Stanley Rosenschein and Leslie Pack Kaelbling},
	Title = {Integrating Planning and Reactive Control},
	Year = {1986}}

@article{sacerdoti74planning,
	Author = {Sacerdoti, E.},
	Journal = ai,
	Pages = {115--135},
	Title = {Planning in a Hierarchy of Abstraction Spaces},
	Volume = 5,
	Year = 1974}

@mastersthesis{sanborn88model,
	Author = {James Sanborn},
	Title = {A Model of Reaction for Planning in Dynamic Environments},
	Year = {1988}}

@article{schaffer80gt,
	Author = {G. Schaffer},
	Journal = {American Machinist},
	Month = {May},
	Pages = {119--122},
	Title = {GT via Automated Process Planning},
	Year = {1980}}

@misc{kautz06satplan,
	Author = {Henry Kautz and Bart Selman and Joerg Hoffmann},
	Title = {{SatPlan: Planning as Satisfiability}},
	Year = 2006}

@inproceedings{sherwood01autonomously,
	Author = {Sherwood, Rob and Mishkin, Andrew and Estlin, Tara and Chien, Steve and Backes, Paul and Cooper, Brian and Maxwell, Scott and Rabideau, Gregg},
	Booktitle = {IEEE/RSJ International Conference on Intelligent Robots and Systems},
	Month = oct,
	Title = {Autonomously generating operations sequences for a Mars Rover using AI-based planning},
	Year = 2001}

@inproceedings{simeon01move3d,
	Author = {T. Sim\'eon and J.P. Laumond and F. Lamiraux},
	Booktitle = {4th International Symposium on Assembly and Task Planning},
	Title = {Move3D: a generic platform for path planning},
	Year = 2001}

@article{simeon94planning,
	Author = {T. Sim\'eon and R. Alami},
	Journal = {Revue d'Intelligence Artificielle, HERMES},
	Number = 4,
	Pages = {383--401},
	Title = {Planning robust motion strategies for a mobile robot in a polygonal world},
	Volume = 8,
	Year = 1994}

@article{simeon00visibility,
	Author = {T. Sim\'eon and J.P. Laumond and C. Nissoux},
	Journal = adrob,
	Number = 6,
	Title = {Visibility based probabilistic roadmaps for motion planning},
	Volume = 14,
	Year = 2000}

@inproceedings{simmons90architecture,
	Author = {Reid Simmons},
	Booktitle = {Proceedings of the Workshop on Innovative Approaches to Planning, Scheduling and Control},
	Pages = {292--297},
	Title = {An Architecture for Coordinating Planning, Sensing and Action},
	Year = {1990}}

@inproceedings{simmons91integrating,
	Address = {Cocoa Beach, FL},
	Author = {Reid Simmons},
	Booktitle = {IEEE AI Simulation and Planning in High Autonomy Systems Conference},
	Month = {April},
	Title = {Integrating Multiple Representations for Incremental, Causal Simulation},
	Year = {1991}}

@inproceedings{simmons89planning,
	Author = {Reid Simmons},
	Booktitle = {AAAI-89 Spring Symposium on Planning and Search},
	Title = {Planning as Debugging},
	Year = {1989}}

@article{sirin04htn,
	Author = {Sirin, Evren and Parsia, Bijan and Wu, Dan and Hendler, James and Nau, Dana},
	Journal = {Journal of Web Semantics},
	Number = {4},
	Pages = {377-396},
	Title = {{HTN} Planning for Web Service Composition Using {SHOP2}},
	Volume = {1},
	Year = {2004}}

@inproceedings{smith00challenges,
	Author = {B. D. Smith and M. S. Feather and N. Muscettola},
	Booktitle = aips,
	Pages = {254--263},
	Title = {Challenges and Methods in Testing the Remote Agent Planner},
	Year = {2000}}

@inproceedings{smith92critical,
	Author = {D. Smith and M. Peot},
	Booktitle = aips,
	Title = {A Critical Look at Knoblock's Hierarchy Mechanism},
	Year = 1992}

@article{smith00bridging,
	Author = {D. Smith and J. Frank and A. Jonsson},
	Journal = {Knowledge Engineering Review},
	Number = 1,
	Pages = {47--83},
	Title = {Bridging the Gap between Planning and Scheduling},
	Volume = 15,
	Year = 2000}

@inproceedings{smith93postponing,
	Author = {D. Smith and M. Peot},
	Booktitle = aaai,
	Pages = {500--506},
	Title = {Postponing Threats in Partial-Order Planning},
	Year = 1993}

@inproceedings{smith96suspending,
	Author = {D. Smith and M. Peot},
	Booktitle = aips,
	Title = {Suspending Recursion Causal-Link Planning},
	Year = 1996}

@techreport{smith88decision-theoretic,
	Author = {David E. Smith},
	Institution = {Stanford Logic Group, Department of Comptuer Science, Stanford University},
	Month = {January},
	Number = {LOGIC-87-11},
	Title = {A Decision-Theoretic Approach to the Control of Planning Search},
	Year = {1988}}

@inproceedings{smith92postponing,
	Author = {David E. Smith and Mark A. Peot},
	Booktitle = {KR-92 Proceedings},
	Title = {Postponing Conflicts in Nonlinear Planning},
	Year = {1992}}

@inproceedings{smith99temporal,
	Author = {David E. Smith and Daniel S. Weld},
	Booktitle = ijcai,
	Pages = {326--337},
	Title = {Temporal Planning with Mutual Exclusion Reasoning},
	Year = {1999}}

@article{smith96b,
	Author = {Smith, Stephen and Nau, Dana and Throop, Thomas},
	Journal = {IEEE Expert},
	Title = {{AI Planning's Strong Suit}},
	Year = {1996}}

@inproceedings{smith87constraint-based,
	Author = {Stephen F. Smith},
	Booktitle = {Proceedings International Conference on Expert Systems adn the Leading Edge in Production Planning and Control},
	Month = {May},
	Title = {A Constraint-Based Framework for Reactive Management of Factory Schedules},
	Year = {1987}}

@techreport{smith85use,
	Address = {Pittsburgh},
	Author = {Stephen F. Smith and Peng Si Ow},
	Institution = {The Robotics Institute},
	Number = {CMU-RI-TR-85-11},
	Title = {The Use of Multiple Problem Decompositions in Time Constrained Planning Tasks},
	Year = 1985}

@article{smith96planning,
	Author = {Stephen J. J. Smith and Dana S. Nau and Throop, T.},
	Journal = {Computational Intelligence},
	Number = {1},
	Pages = {106--130},
	Title = {A Planning Approach to Declarer Play in Contract Bridge},
	Volume = {12},
	Year = {1996}}

@misc{smith97bridge,
	Author = {Stephen J. J. Smith and Dana S. Nau and Throop, T.},
	Title = {Bridge Baron, the 1997 world champion of computer bridge, uses {AI} planning techniques to plan its declarer play},
	Year = {1997}}

@article{smith98computer,
	Author = {Smith, Stephen J. J. and Dana S. Nau and Throop, Thomas},
	Journal = {AI Magazine},
	Number = {2},
	Pages = {93--105},
	Title = {Computer Bridge: A Big Win for {AI} Planning},
	Volume = {19},
	Year = {1998}}

@inproceedings{smith96hierarchical,
	Author = {Stephen J. J. Smith and Dana S. Nau and Hebbar, K. and Minis, I.},
	Booktitle = {Proceedings of the Artificial Intelligence and Manufacturing Research Planning Workshop},
	Pages = {189--194},
	Publisher = {AAAI Press},
	Title = {Hierarchical task-network planning for process planning for manufacturing of microwave modules.},
	Year = {1996}}

@incollection{smith97integrating,
	Author = {Stephen J. J. Smith and Hebbar, K. and Dana S. Nau and Minis, I.},
	Booktitle = {Knowledge Intensive CAD, Volume 2},
	Editor = {Mantyla, Martti and Finger, Susan and Tomiyama, Tetsuo},
	Pages = {269--288},
	Publisher = {Chapman and Hall},
	Title = {Integrating Electrical and Mechanical Design and Process Planning},
	Year = {1997}}

@inproceedings{ssmith98,
	Author = {Smith, Stephen J. J. and Nau, Dana S. and Throop, Thomas},
	Booktitle = {AAAI-98/IAAI-98 Proceedings},
	Pages = {1079-1086},
	Title = {{Success in Spades: Using AI Planning Techniques to Win the World Championship of Computer Bridge}},
	Year = {1998}}

@phdthesis{smith97task-network,
	Author = {Smith, Stephen J. J.},
	School = {University of Maryland},
	Title = {Task-Network Planning Using Total-Order Forward Search, and Applications to Bridge and to Microwave Module Manufacture},
	Year = 1997}

@inproceedings{smith96total-order,
	Author = {Stephen J. J. Smith and Dana S. Nau and Throop, T.},
	Booktitle = bothai,
	Month = {August},
	Title = {Total-Order Multi-Agent Task-Network Planning for Contract Bridge},
	Year = {1996}}

@inproceedings{thakkar04data,
	Author = {Snehal Thakkar, Jos{\'e} Luis Ambite and Craig A. Knoblock},
	Booktitle = {In Proceeding of 2004 ICAPS Workshop on Planning and Scheduling for Web and Grid Services},
	Month = {June},
	Title = {A Data Integration Approach to Automatically Composing and Optimizing Web Services},
	Year = {2004}}

@techreport{soderland91evaluating,
	Author = {Stephen Soderland and Daniel S. Weld},
	Institution = {Department of Computer Science \& Engineering, University of Washington},
	Number = {TR-91-02-03},
	Title = {Evaluating Nonlinear Planning},
	Year = {1991}}

@unpublished{sormaz91survey,
	Author = {Dusan Sormaz and Behrokh Khoshnevis},
	Month = {December},
	Note = {submitted to Journal of Design and Manufacturing},
	Title = {A Survey of Knowledge Representation Schemas for Process Planning},
	Year = {1991}}

@inproceedings{souza96ai,
	Author = {L. E. Souza and Manuela M. Veloso},
	Booktitle = {Proceedings of the IEEE International Conference on Systems, Man and Cybernetics},
	Title = {{AI} planning for a supervisory control system},
	Year = {1996}}

@article{spalazzi00dynamic,
	Author = {L. Spalazzi and P. Traverso},
	Journal = {Journal of Logic and Computation},
	Number = {6},
	Pages = {787--821},
	Title = {A Dynamic Logic for Acting, Sensing, and Planning},
	Volume = {10},
	Year = {2000}}

@inproceedings{spalazzi92implementing,
	Address = {Perth Australia},
	Author = {L. Spalazzi and A. Cimatti and P. Traverso},
	Booktitle = {Proc. AIS'92, AI Simulation and Planning in High Autonomy Systems Conference},
	Pages = {80--85},
	Publisher = {IEEE Computer Society Press},
	Title = {Implementing Planning as Tactical Reasoning},
	Year = {1992}}

@inproceedings{spector94use,
	Author = {L. Spector and James Hendler},
	Booktitle = aips,
	Pages = {158--163},
	Title = {The use of supervenience in dynamic-world planning.},
	Year = {1994}}

@article{stefik81planning,
	Author = {Stefik, M.},
	Journal = ai,
	Pages = {111--140},
	Title = {Planning with Constraints},
	Volume = 16,
	Year = 1981}

@inproceedings{bib:stentz94,
	Author = {Anthony Stentz},
	Booktitle = {ICRA-94},
	Pages = {3310--3317},
	Title = {Optimal and efficient path planning for partially-known environment},
	Year = {1994}}

@unpublished{subramanyam89impact,
	Author = {Sridhar Subramanyam and Stephen C-Y Lu},
	Title = {The Impact of an {AI}-Based Environment for Simultaneous Engineering on Process Planning},
	Year = {1989}}

@article{dean88hierarchical,
	Author = {T.L.~Dean and R.J. Firby and D.~Miller},
	Journal = compint,
	Number = 1,
	Pages = {381--398},
	Title = {Hierarchical Planning Involving Deadlines, Travel Time and Resources},
	Volume = 6,
	Year = 1988}

@inproceedings{tate94mixed,
	Address = {Tuscon, AR},
	Author = {Tate, A},
	Booktitle = {Proceedings of the ARPA/Rome Laboratory Knowledge-Based Planing and Scheduling Initiative},
	Pages = {512--516},
	Publisher = {Morgan Kaufmann},
	Title = {Mixed Initiative Planning in {O}-{P}lan2},
	Year = {1994}}

@incollection{tate90review,
	Author = {Tate, A. and James Hendler and Drummond, M},
	Booktitle = {Readings in Planning},
	Editor = {Allen, J. and James Hendler and Tate, A.},
	Pages = {26--49},
	Publisher = {Morgan Kaufman},
	Title = {A review of AI planning techniques},
	Year = 1990}

@inproceedings{tate03o-plan,
	Author = {Tate, A. and Dalton, J.},
	Booktitle = {Proceedings of the International Lisp Conference},
	Month = oct,
	Title = {{O-Plan:} a {Common Lisp} Planning Web Service},
	Year = 2003}

@book{tate94o-plan2,
	Author = {A. Tate and B. Drabble and R. Kirby},
	Publisher = {Morgan-Kaufmann},
	Title = {{O}-{P}lan2: An Architecture for Command, Planning and Control},
	Year = 1994}

@inbook{tate96o-plan,
	Author = {Austin Tate and Brian Drabble and Jeff Dalton},
	Editor = {Austin Tate},
	Month = may,
	Publisher = {Morgan Kaufmann},
	Title = {{O-Plan:} a Knowledge-Based Planner and its Application to Logistics},
	Year = 1996}

@techreport{tate76project,
	Author = {Austin Tate},
	Institution = {Department of Artificial Intelligence, University of Edinburgh},
	Number = 25,
	Title = {Project Planning Using A Hierarchic Non-Linear Planner},
	Year = 1976}

@misc{i202reducing,
	Author = {i2 Technologies},
	Howpublished = {\url{http://www.i2.com/assets/pdf/96FDF2C7-71C7-43B5-906A01BAE2F0AE76.pdf}},
	Title = {Reducing Planning Cycle Time at Altera Corporation},
	Year = 2002}

@inproceedings{thiebaux92semi-reactive,
	Author = {S. Thiebaux and J. Hertzberg},
	Booktitle = aips,
	Editor = {James Hendler},
	Pages = {228--235},
	Title = {A Semi-Reactive Planner Based on a Possible Models Action Formalization},
	Year = 1992}

@inproceedings{koenig00,
	Author = {C. Tovey and S. Koenig},
	Booktitle = {Proceedings of the National Conference on Artificial Intelligence},
	Title = {Gridworlds as testbeds for planning with incomplete information},
	Year = {2000}}

@inproceedings{traverso95,
	Author = {P. Traverso and L. Spalazzi},
	Booktitle = {Proceedings of the 14th International Joint Conference on Artificial Intelligence (IJCAI)},
	Title = {{A} {L}ogic for {A}cting, {S}ensing and {P}lanning},
	Year = {1995}}

@inproceedings{traverso03problem,
	Address = {Wien},
	Author = {P. Traverso},
	Booktitle = {Planning based on Decision Theory},
	Editor = {G. Della Riccia and D. Dubois and R. Kruse and H.J.Lenz},
	Publisher = {Springer-Verlag},
	Title = {The Problem of Planning with Three Sources of Uncertainty},
	Volume = {472},
	Year = 2003}

@inproceedings{trinquart01extended,
	Author = {R. Trinquart and M. Ghallab},
	Booktitle = ecp,
	Editor = {Amadeo Cesta and D.Borrajo},
	Pages = {217--228},
	Title = {An extended functional representation in temporal planning: towards continuous change},
	Year = 2001}

@inproceedings{tsamardinos00merging,
	Author = {Ioannis Tsamardinos and Martha E. Pollack and John F. Horty},
	Booktitle = aips,
	Pages = {264--272},
	Title = {Merging Plans with Quantitative Temporal Constraints, Temporally Extended Actions, and Conditional Branches},
	Year = {2000}}

@inproceedings{tsang89planning,
	Author = {Jean Patrick Tsang},
	Booktitle = {AAAI Special Interest Group on Manufacturing (SIGMAN) Workshop on Manufacturing Planning},
	Month = {August},
	Title = {Planning By Combining Plans},
	Year = {1989}}

@inproceedings{tsuneto96commitment,
	Author = {Tsuneto, R. and Kutluhan Erol and James Hendler and Dana S. Nau},
	Booktitle = bothai,
	Month = aug,
	Title = {Commitment Strategies in Hierarchical Task Network Planning},
	Year = {1996}}

@inproceedings{tsuneto98matching,
	Author = {Tsuneto, R. and James Hendler and Dana S. Nau and Barros, L. de},
	Booktitle = {AIPS Workshop on Knowledge Engineering and Acquisition for Planning},
	Month = jun,
	Title = {Matching Problem Features with Task Selection for Better Performance in {HTN} Planning},
	Year = {1998}}

@inproceedings{tsuneto97plan-refinement,
	Author = {R. Tsuneto and Dana S. Nau and James Hendler},
	Booktitle = ecp,
	Month = sep,
	Title = {Plan-Refinement Strategies and Search-Space Size},
	Year = 1997}

@inproceedings{tsuneto98analyzing,
	Author = {Tsuneto, Reiko and James Hendler and Dana S. Nau},
	Booktitle = bothai,
	Pages = {913--920},
	Title = {Analyzing External Conditions to Improve the Efficiency of {HTN} Planning},
	Year = {1998}}

@misc{vandenbrande85production,
	Author = {Jan H. Vandenbrande},
	Month = {October},
	Title = {Production Automation Project, Process Planning References},
	Year = {1985}}

@article{veloso96case-based,
	Author = {Manuela M. Veloso and H{\'e}ctor Mu{\~n}oz-Avila and R. Bergmann},
	Journal = aicom,
	Pages = {128--137},
	Title = {Case-based planning: selected methods and systems},
	Volume = 9,
	Year = 1996}

@article{veloso95flecs,
	Author = {Manuela M. Veloso and P. Stone},
	Journal = jair,
	Pages = {25--52},
	Title = {{FLECS}: planning with a flexible commitment strategy},
	Volume = 3,
	Year = 1995}

@inproceedings{veloso94linkability,
	Author = {Manuela M. Veloso and Blythe, J.},
	Booktitle = {AIPS-94},
	Title = {Linkability: Examining causal link commitments in partial-order planning},
	Year = {1994}}

@inproceedings{veloso97rationale-supported,
	Author = {Manuela M. Veloso and Alice M. Mulvehill and Cox, M.T.},
	Booktitle = bothai,
	Pages = {1072--1077},
	Publisher = {AAAI Press},
	Title = {Rationale-supported mixed-initiative case-based planning},
	Year = {1997}}

@article{vere83planning,
	Author = {S. Vere},
	Journal = {IEEE Transaction on Patterne Analysis and Machine Intelligence},
	Number = 3,
	Pages = {246--264},
	Title = {Planning in Time: Windows and Duration for Activities and Goals},
	Volume = 5,
	Year = 1983}

@inproceedings{vidal00unified,
	Author = {T. Vidal},
	Booktitle = aips,
	Pages = {395-402},
	Title = {A Unified Dynamic Approach for Dealing with Temporal Uncertainty and Conditional Planning},
	Year = 2000}

@inproceedings{vidal96dealing,
	Author = {T. Vidal and M. Ghallab},
	Booktitle = ecai,
	Title = {Dealing with Uncertain Durations in Temporal Constraint Networks dedicated to Planning},
	Year = 1996}

@inproceedings{vidal95temporal,
	Author = {T. Vidal and M. Ghallab},
	Booktitle = {CONSTRAINT},
	Title = {Temporal Constraints in Planning: Free or not Free?},
	Year = 1995}

@inproceedings{vogel81autoplan,
	Address = {Dallas, Texas},
	Author = {S. A. Vogel and E. J. Adlard},
	Booktitle = {Numerical Control Society Proc. Annual Meeting Tech. Conf. 18},
	Month = {May},
	Pages = {422--429},
	Title = {The AUTOPLAN Process Planning System},
	Year = {1981}}

@article{vossen01applying,
	Author = {Vossen, Thomas and Michael O. Ball and Lotem, Amnon and Dana S. Nau},
	Journal = {Knowledge Engineering Review},
	Pages = {85--100},
	Title = {Applying Integer Programming to {AI} Planning},
	Volume = {16},
	Year = {2001}}

@inproceedings{vossen98,
	Author = {Vossen, Thomas and Ball, Michael and Lotem, Amnon and Nau, Dana},
	Booktitle = {AIPS'98 workshop on Planning as Combinatorial Search},
	Month = {June},
	Title = {{Integer Programming Models in AI Planning: Preliminary Experimental Results}},
	Year = {1998}}

@inproceedings{vossen99,
	Author = {Vossen, Thomas and Ball, Michael and Lotem, Amnon and Nau, Dana},
	Booktitle = {IJCAI-99},
	Pages = {304-309},
	Title = {{On the Use of Integer Programming Models in AI Planning}},
	Year = {1999}}

@inproceedings{wang97replanning,
	Author = {X. Wang and S. Chien},
	Booktitle = ecp,
	Title = {Replanning Using Hierarchical Task Network and Operator-Based Planning},
	Year = 1997}

@article{weld94introduction,
	Author = {D. S. Weld},
	Journal = {AI magazine},
	Number = {4},
	Pages = {27--61},
	Title = {An Introduction to Least Commitment Planning},
	Volume = {15},
	Year = 1994}

@article{weld99recent,
	Author = {Weld, Daniel},
	Journal = {AI Magazine},
	Number = {2},
	Pages = {93--122},
	Title = {Recent Advances in {AI} Planning},
	Volume = {20},
	Year = {1999}}

@book{wilensky83planning,
	Author = {R. Wilensky},
	Publisher = {Addison-Wesley},
	Title = {Planning and Understanding},
	Year = 1983}

@incollection{wilensky83goal,
	Author = {Robert Wilensky},
	Booktitle = {Planning and Understanding A Computational Approach to Human Reasoning},
	Chapter = {6},
	Publisher = {Addison-Wesley},
	Title = {Goal Relationships},
	Year = {1983}}

@incollection{wilensky83negative,
	Author = {Robert Wilensky},
	Booktitle = {Planning and Understanding A Computational Approach to Human Reasoning},
	Chapter = {7},
	Publisher = {Addison-Wesley},
	Title = {Negative Goal Relationships},
	Year = {1983}}

@article{wilkins01call,
	Author = {D. Wilkins and Marie desJardins},
	Journal = aimag,
	Number = 1,
	Pages = {99-115},
	Title = {A Call for Knowledge-Based Planning},
	Volume = 22,
	Year = 2001}

@article{wilkins88causal,
	Author = {D. Wilkins},
	Journal = ci,
	Number = 4,
	Pages = {373--380},
	Title = {Causal Reasoning in Planning},
	Volume = 4,
	Year = 1988}

@incollection{wilkins94applying,
	Author = {Wilkins, D. E. and Desimone, R. V.},
	Booktitle = {Intelligent Scheduling},
	Editor = {M. Fix and M. Zweben},
	Pages = {685--709},
	Publisher = {Morgan Kaufmann},
	Title = {Applying an {AI} planner to Military Operations Planning},
	Year = {1994}}

@article{wilkins84domain-independant,
	Author = {Wilkins, D. E.},
	Journal = ai,
	Month = {April},
	Number = 3,
	Pages = {269--301},
	Title = {Domain-independant Planning: Representation and Plan Generation},
	Volume = 22,
	Year = 1984}

@article{wilkins95,
	Author = {D. E. Wilkins and K. L. Myers and J. D. Lowrence and L. P. Wesley},
	Journal = {Journal of Experimental and Theoretical AI},
	Number = {1},
	Pages = {197-227},
	Title = {Planning and Reacting in Uncertain and Dynamic Environments},
	Volume = {7},
	Year = {1995}}

@book{wilson63manufacturing,
	Author = {F.W. Wilson and P.D. Harvey},
	Publisher = {McGraw Hill},
	Title = {Manufacturing Planning and Estimating Handbook},
	Year = 1963}

@inproceedings{winner02analyzing,
	Author = {E. Winner and M. Veloso},
	Booktitle = {In Proceedings of the Sixth International Conference on Artificial Intelligence Planning and Scheduling (AIPS-02)},
	Pages = {271 -- 280},
	Title = {Analyzing plans with conditional effects},
	Year = {2002}}

@article{wolfman02combining,
	Author = {S. E. Wolfman and D. S. Weld},
	Journal = {Knowledge Engineering Review},
	Title = {Combining Linear Programming and Satisfiability Solving for Resource Planning},
	Year = 2002}

@inproceedings{wolfman99lpsat,
	Author = {Wolfman, Steven A. and Weld, Daniel S.},
	Booktitle = ijcai,
	Pages = {310--317},
	Title = {The {LPSAT} Engine and its Application to Resource Planning},
	Year = {1999}}

@inproceedings{wolverton98controlling,
	Author = {Wolverton, M. and desJardins, M.},
	Booktitle = bothai,
	Pages = {868--874},
	Title = {Controlling communication in distributed planning using irrelevance reasoning},
	Year = {1998}}

@techreport{wu02um-translog-2,
	Author = {Dan Wu and Dana Nau},
	Institution = {University of Maryland},
	Number = {CS-TR-4402, UMIACS-TR-2002-82},
	Title = {{UM-Translog-2}: {A} Planning Domain Designed for {AIPS-2002}},
	Year = {2002}}

@phdthesis{wysk77automated,
	Author = {R. A. Wysk},
	Title = {An Automated Process Planning and Selection Program: APPAS},
	Year = {1977}}

@misc{wysk80analytical,
	Author = {R. A. Wysk and T.-C. Chang and R. P. Davis},
	Month = jan,
	Title = {Analytical Techniques in Automated Process Planning},
	Year = {1980}}

@inproceedings{xia90integrating,
	Author = {X.D. Xia and G.A. Bekey},
	Booktitle = {International Conference on Robotics and Automation},
	Month = {May},
	Title = {Integrating Planning and Scheduling in Embedded Robotic Systems},
	Year = {1990}}

@inproceedings{yaman07workflow,
	Author = {Fusun Yaman and Tim Oates},
	Booktitle = {AAAI-07 Workshop Acquiring Planning Knowledge via Demonstration},
	Title = {Workflow Inference: What to do with one example and no semantics},
	Year = {2007}}

@inproceedings{yaman02timeline,
	Address = {Toulouse, France},
	Author = {Yaman, F{\"u}sun and Dana S. Nau},
	Booktitle = {AIPS-2002 Workshop on Planning for Temporal Domains},
	Editor = {Maria Fox and Coddington, A.},
	Title = {TimeLine: An {HTN} Planner that Can Reason about Time},
	Year = {2002}}

@techreport{yang91formal,
	Author = {Qiang Yang},
	Institution = {Department of Computer Science, University of Waterloo},
	Number = {CS-91-58},
	Title = {A Formal Theory of Conflict Resolution in Planning},
	Year = {1991}}

@article{yang92theory,
	Author = {Qiang Yang},
	Journal = ai,
	Pages = {361--392},
	Title = {A Theory of conflict Resolution in Planning},
	Volume = 58,
	Year = 1992}

@inproceedings{yang89approach,
	Address = {Stanford},
	Author = {Qiang Yang and Dana S. Nau and James Hendler},
	Booktitle = {AAAI Spring Symposium},
	Title = {An Approach to Multiple-Goal Planning with Limited Interactions},
	Year = {1989}}

@article{yang90formalizing,
	Author = {Qiang Yang},
	Journal = ci,
	Number = 1,
	Pages = {12--24},
	Title = {Formalizing Planning Knowledge for Hierarchical Planning},
	Volume = 6,
	Year = 1990}

@phdthesis{yang89improving,
	Author = {Qiang Yang},
	Month = {July},
	School = {Computer Science Dept., Univ. of Maryland},
	Title = {Improving the Efficiency of Planning},
	Year = {1989}}

@book{yang97intelligent,
	Author = {Qiang Yang},
	Publisher = {Springer-Verlag},
	Title = {Intelligent Planning: A Decomposition and Abstraction Based Approach},
	Year = 1997}

@inproceedings{yang90optimization,
	Author = {Qiang Yang and Dana S. Nau and James Hendler},
	Booktitle = {Proc. DARPA Workshop on Innovative Approaches to Planning, Scheduling and Control},
	Title = {Optimization of Multiple-Goal Plans with Limited Interaction},
	Year = {1990}}

@mastersthesis{yang89planning,
	Author = {Qiang Yang},
	Month = {July},
	School = {Computer Science Dept., Univ. of Maryland},
	Title = {Planning with Limited Interactions},
	Year = {1989}}

@techreport{yang90reasoning,
	Author = {Qiang Yang},
	Institution = {Department of COmputer Science, University of Waterloo},
	Number = {CS-90-23},
	Title = {Reasoning about Conflicts in Least-Commitment Planning},
	Year = {1990}}

@inbook{younes02role,
	Author = {H. Younes and Reid Simmons},
	Pages = {54--61},
	Publisher = {AAAI Press},
	Title = {On the role of ground actions in refinement planning},
	Year = 2002}

@inproceedings{younes03framework,
	Address = {Trento, Italy},
	Author = {H{\aa}kan L. S. Younes and David J. Musliner and Reid G. Simmons},
	Booktitle = {Proceedings of the Thirteenth International Conference on Automated Planning and Scheduling},
	Editor = {Enrico Giunchiglia and Nicola Muscettola and Dana S. Nau},
	Month = jun,
	Pages = {195--204},
	Publisher = {AAAI Press},
	Title = {A Framework for Planning in Continuous-time Stochastic Domains},
	Year = 2003}

@inproceedings{young94decomposition,
	Author = {Young, R. M. and Pollack, M. E. and and Moore, J. D.},
	Booktitle = aips,
	Title = {Decomposition and Causality in Partial-Order Planning},
	Year = 1994}

@article{zhang90expert,
	Author = {Guangming Zhang and Stephen C.Y. Lu},
	Journal = {Journal of the Operational Research Society},
	Number = {5},
	Pages = {101--114},
	Title = {An Expert System Framework for Economic Evaluation of Machining Operaton Planning},
	Volume = {41},
	Year = {1990}}

@misc{zhang90basic,
	Author = {Guangming Zhang},
	Month = {July},
	Title = {Basic Considerations in Machining Operation Planning},
	Year = {1990}}

@inproceedings{zimmerman99exploiting,
	Author = {T. Zimmerman and Subbarao Kambhampati},
	Booktitle = bothai,
	Pages = {605--611},
	Title = {Exploiting Symmetry in the Planning Graph via Explanation-guided Search},
	Year = 1999}

@booklet{traverso00aips,
	Address = {Breckenridge, Colorado},
	Author = {P. Traverso and Manuela M. Veloso and F. Giunchiglia},
	Month = {April},
	Title = {AIPS Workshop on Model-Theoretic Approaches to Planning},
	Year = 2000}

@booklet{aips00,
	Author = {Steve Chien and Subbarao Kambhampati and Craig A. Knoblock},
	Month = {April},
	Title = {Proceedings of the Fifth International Conference on Artificial Intelligence Planning and Scheduling},
	Year = {2000}}

@booklet{aips98,
	Author = {R.G. Simmons and M.M. Veloso and S. Smith},
	Title = {Proceedings of the Fourth International Conference on Artificial Intelligence Planning Systems (AIPS '98)},
	Year = {1998}}

@booklet{ghallab02,
	Author = {Malik Ghallab and Joachim Hertzberg and Paolo Traverso},
	Month = {April},
	Title = {Proceedings of the Eighth International Conference on Artificial Intelligence Planning Systems (AIPS '98)},
	Year = 2002}

@booklet{giuchiglia03,
	Author = {Enrico Giuchiglia and Nicola Muscettola and Dana Nau},
	Month = {June},
	Title = {Proceedings of the International Conference on Automated Planning and Scheduling},
	Year = {2003}}

@book{allen90readings,
	Author = {James F. Allen and James Hendler and A. Tate},
	Publisher = {Morgan Kaufmann},
	Title = {Readings in Planning},
	Year = 1990}

@booklet{biundo00recent,
	Author = {Susanne Biundo and Maria Fox},
	Title = {Recent Advances in AI Planning, 5th European Conference on Planning, ECP'99},
	Year = {2000}}

@booklet{cesta01recent,
	Author = {Amadeo Cesta},
	Title = {Recent Advances in AI Planning, 6th European Conference on Planning ECP'01},
	Year = 2001}

@booklet{steel97recent,
	Author = {Sam Steel and Rachid Alami},
	Title = {Recent Advances in Planning, Fourth European Conference on Planning, ECP'97},
	Year = 1997}

@article{helmert2006fast,
	Author = {Helmert, M.},
	Journal = {Journal of Artificial Intelligence Research},
	Number = {1},
	Pages = {191--246},
	Title = {The fast downward planning system},
	Volume = {26},
	Year = {2006}}

@article{richter2010lama,
	Author = {Richter, S. and Westphal, M.},
	Journal = {Journal of Artificial Intelligence Research},
	Number = {1},
	Pages = {127--177},
	Publisher = {AI Access Foundation, Inc},
	Title = {The LAMA planner: Guiding cost-based anytime planning with landmarks},
	Volume = {39},
	Year = {2010}}

@article{myers2007intelligent,
	Author = {Myers, K. and Berry, P. and Blythe, J. and Conley, K. and Gervasio, M. and McGuinness, D.L. and Morley, D. and Pfeffer, A. and Pollack, M. and Tambe, M.},
	Journal = {AI Magazine},
	Number = {2},
	Pages = {47},
	Title = {An intelligent personal assistant for task and time management},
	Volume = {28},
	Year = {2007}}

@misc{berry2008neptune,
	Author = {Berry, P.M. and Bulka, B. and Peintner, B. and Roberts, M. and Yorke-Smith, N.},
	Date-Modified = {2012-01-22 22:29:38 +0000},
	Title = {Neptune: A Mixed-Initiative Environment for Planning and Scheduling},
	Year = {2008}}

@inproceedings{cimatti2002nusmv,
	Author = {Cimatti, A. and Clarke, E. and Giunchiglia, E. and Giunchiglia, F. and Pistore, M. and Roveri, M. and Sebastiani, R. and Tacchella, A.},
	Booktitle = {Computer Aided Verification},
	Organization = {Springer},
	Pages = {241--268},
	Title = {Nusmv 2: An opensource tool for symbolic model checking},
	Year = {2002}}

@article{kuter09task,
  Author =       {U. Kuter and D. Nau and M. Pistore and P. Traverso},
  Journal =      {Artificial Intelligence},
  Pages =        {669--675},
  Title =        {{Task Decomposition on Abstract States for Planning under
                  Nondeterminism}},
  Volume =       {173},
  Year =         {2009}
}

@unpublished{kuter15hackar,
Author = {U. Kuter and  M. Burstein and J. Benton and D. Bryce and
                  J. Thayer and S. McCoy},
Title = {{HACKAR:} Helpful Advice for Code Knowledge and Attack
                  Resilience},
Note = {Under review},
Year = 2014
} 