File f:/goldman/refs/learning.bib last modified on Fri Apr 24 12:22:25 1998.

@ARTICLE{VNDim,
	AUTHOR = {Anselm Blumer and Andrzez Ehrenfeucht and
		  David Haussler and Manfred K. Warmuth},
	TITLE = "Learnability and the Vapnik-Chervonenkis Dimension",
	JOURNAL = JACM,
	YEAR = {1989},
	VOLUME = {36},
	NUMBER = {4},
	PAGES = {929--965},
	MONTH = October
}

@ARTICLE{Valiant:84,
	AUTHOR = {L.G. Valiant},
	TITLE = "A Theory of the Learnable",
	JOURNAL = CACM,
	YEAR = {1984},
	VOLUME = {27},
	NUMBER = {11},
	PAGES = {1134-1142},
	MONTH = November
}


@ARTICLE{Angluin:88,
	AUTHOR = {Dana Angluin and Philip Laird},
	TITLE = "Learning from Noisy examples",
	JOURNAL = {Machine Learning},
	YEAR = {1988},
	VOLUME = {2},
	PAGES = {343--370}
}

@INPROCEEDINGS{Valiant:85,
	AUTHOR = {L.G. Valiant},
	TITLE = "Learning Disjunctions of Conjunctions",
	CROSSREF = {IJCAI85},
	PAGES = {560--566}
}

@ARTICLE{Quinlan:89,
	AUTHOR = {J. Ross Quinlan and Ronald L. Rivest},
	TITLE = {Inferring Decision Trees Using the Minimum
		 Description Length Principle},
	JOURNAL = {Information and Computation},
	YEAR = {1989},
	VOLUME = {80},
	PAGES = {227--248}
}

@ARTICLE(Sutton:88,
	AUTHOR = {Richard S. Sutton},
	TITLE = {Learning to Predict by the methods of temporal
		  differences},
	JOURNAL = ML,
	YEAR = {1988},
	VOLUME = {3},
	PAGES = {9--44}
)

@ARTICLE(Friedman:MARS,
	AUTHOR = {J.H. Friedman},
	TITLE = "Multivariate Adaptive Regression Splines",
	JOURNAL = {Annals of Statistics},
	YEAR = {1989},
	VOLUME = {19},
	PAGES = {1--141}
)

@BOOK(Hastie:90,
	AUTHOR = {T. Hastie and R. Tibshirani},
	TITLE = "Generalized Additive Models",
	PUBLISHER = {Chapman and Hall},
	YEAR = {1990},
	ADDRESS = {London}
)


@ARTICLE(Murphy:94,
	AUTHOR = {Patrick M. Murphy and Michael J. Pazzani},
	TITLE = {Exploring the Decision Forest:
		 An Empirical Investigation of Occam's Razor in
		 Decision Tree Induction},
	JOURNAL = JAIR,
	YEAR = {1994},
	VOLUME = {1},
	PAGES = {257--275}
)

@ARTICLE{DasMozer:98,
	AUTHOR = {Sreerupa Das and Michael Mozer},
	TITLE = {Dynamic On-line clustering and state extraction:
		 An Approach to symbolic Learning},
	JOURNAL = NN,
	YEAR = {1998},
	VOLUME = {11},
	NUMBER = {1},
	PAGES = {53--64},
	ANNOTE = {Learning finite state machines (FAs) with 
		  neural nets.}
}
