File /src/users/goldman/refs/lp.bib last modified on Mon Jul  5 10:38:35 1993.


@ARTICLE{Debray:89,
	AUTHOR = {Saumya K. Debray and David S. Warren},
	TITLE = "Functional Computations in Logic Programs",
	JOURNAL = {ACM Transactions on Programming Languages and Systems},
	YEAR = {1989},
	VOLUME = {11},
	NUMBER = {3},
	PAGES = {451--481},
	MONTH = {July}
}


@ARTICLE{Bansal:90,
	AUTHOR = {Arvind K. Bansal and Leon S. Sterling},
	TITLE = {An Abstract Interpretation Scheme for Identifying
		 Inherent Parallelism in Logic Programs},
	JOURNAL = {New Generation Computing},
	YEAR = {1990},
	PAGES = {273--324}
}

% citations on the topic of Freeze

@INCOLLECTION(Colmerauer:prolog-ii,
	key = {Colmerauer},
	AUTHOR = {Alain Colmerauer},
	TITLE = "Theoretical Model of {Prolog} {II}",
	BOOKTITLE = {Logic Programming and Its Applications},
	YEAR = {1986},
	EDITOR = {Michel van Caneghem and David H.D. Warren},
	PUBLISHER = {Ablex},
	SERIES = {Ablex Series in Artificial Intelligence},
	ADDRESS = {Norwood, New Jersey},
	CHAPTER = {1},
	PAGES = {3--31}
)

@inproceedings{NAISH-86,
	Author = "L. Naish",
	Title = "Negation and Quantifiers in {NU-Prolog}",
	Booktitle = "Proceedings of the Third International 
		     Conference on Logic Programming",
	Editor = "Ehud Shapiro",
	publisher = {Springer-Verlag},
	Year = 1986
}

@TechReport{PrologII,
  author           = "Alain Colmerauer",
  title            = "{Prolog II} -- Manuel de r{\'e}f{\'e}rence et
                      mod{\`e}le th{\'e}oretique", 
  institution      = "Groupe d'Intelligence Artificielle, Universit{\'e}
                      d'Aix-Marseille II",
  year             = 1982,
}

@InProceedings{Carlsson87,
  author={Carlsson, M.},
  title="Freeze, Indexing, and Other Implementation Issues in the {WAM}",
  pages={40--58},
  booktitle = 	{Proceedings of the Fourth International Conference on Logic Pro                gramming},
  year = 	{1987},
  editor =      {Jean-Louis Lassez},
  publisher = 	"The MIT Press",
  address =     {Melbourne},
  series =      {MIT Press Series in Logic Programming},
}

@BOOK(OKeefe:90,
	AUTHOR = {Richard A. O'Keefe},
	TITLE = "The Craft of Prolog",
	PUBLISHER = MITP,
	YEAR = {1990},
	SERIES = MITP-ADDRESS
)
