@Misc{pennock03:_market,
  author =	 {David M. Pennock and } # WELLMAN,
  title =	 {Markets in uncertainty: Risk, gambling, and
                  information aggregation},
  month =	 jun,
  year =	 2003,
  note =	 {Handouts from a Tutorial presented at the ACM
                  Conference on Electronic Commerce}
}

@InProceedings{pennock02:_model_infor_incorp,
  author =	 {David M. Pennock and Sandip Debnath and Eric
                  J. Glover and C. Lee Giles},
  title =	 {Modeling Information Incorporation in Markets, with
                  Application to Detecting and Explaining Events},
  crossref =	 {UAI02},
  pages =	 {405--413}
}

