
@InProceedings{parasuraman03:_human_contr_multip_robot,
  author = 	 {Raja Parasuraman and Scott Galster and } # CMILLER,
  title = 	 {Human Control of Multiple Robots in the RoboFlag Simulation Environment},
  booktitle = 	 {Proceedings of the 2003 Meeting of the IEEE Systems, Man and Cybernetics society},
  year =	 2003,
  month =	 oct,
  location = 	 {Washington, DC}
}

