From rpg@cisr.anu.edu.au Fri Dec 15 16:32:00 1995
From: rpg@cisr.anu.edu.au (Rajeev Prabhakar Gore)
Subject: Re: Natural Deduction for Modal Logic
Newsgroups: sci.logic
Date: 15 Dec 1995 10:18:25 GMT
Organization: The Australian National University
Path: src.honeywell.com!uwm.edu!fnnews.fnal.gov!usenet.eel.ufl.edu!news.mathworks.com!zombie.ncsc.mil!nntp.coast.net!harbinger.cc.monash.edu.au!newshost.anu.edu.au!newshost!rpg
Lines: 85
Distribution: world
Message-ID: <RPG.95Dec15211825@cisr.anu.edu.au>
NNTP-Posting-Host: 150.203.20.2


Someone asked about natural deduction for modal logics. The following
(in no particular order) may be of help.

@article{siemens-fitch-style,
AUTHOR = "D. Siemens",
TITLE = "Fitch style rules for many modal logics",
JOURNAL = "Notre Dame Journal of Formal Logic",
VOLUME = 18,
NUMBER = 4,
YEAR = "1977",
PAGES = "631-636"
}

@incollection{borghuis-modal-natural-deduction,
TITLE = "Interpreting Modal Natural Deduction in Type Theory",
AUTHOR = "Tijn Borghuis",
BOOKTITLE = "Diamonds and Defaults",
EDITOR = "Maarten de Rijke",
PUBLISHER = "Kluwer Academic Publishers",
YEAR = "1993",
PAGES = "67-102"
}

@book{de-queiroz-gabbay-labelled,
TITLE = "An introduction to labelled natural deduction",
AUTHOR = "R. J. G. B. de-Queiroz and Dov Gabbay",
PUBLISHER = "OUP", 
YEAR = "1992"
}

@article{masini-intuitionism,
TITLE = "2-Sequent Calculus: Intuitionism and Natural Deduction",
AUTHOR = "Andrea Masini",
JOURNAL = "Journal of Logic and Computation",
VOLUME = "3",
NUMBER = "5",		  
YEAR = "1993",
PAGES = "533-562"
}

@article{hawthorn-natural,
TITLE = "Natural deduction in normal modal logic",
AUTHOR = "John Hawthorn",
JOURNAL = "Notre Dame Journal of Formal Logic",
VOLUME = "31",
YEAR = "1990",
PAGES = "263-273"
}

@article{fitch-obligation,
TITLE = "Natural deduction rules for obligation",
AUTHOR = "F. B. Fitch",
JOURNAL = "American Philosophical Quarterly",
VOLUME = 3,
YEAR = 1966,
PAGES = "27-38",
NOTES = "Don't have"
}

@article{bellin-natural,
AUTHOR = "G. Bellin",
TITLE = "A System of Natural Deduction for {GL}",
JOURNAL = "Theoria",
VOLUME = "51",
YEAR = "1985",
PAGES = "89-114"
}


@techreport{de-la-quintana-computing,
TITLE = "Natural Deduction Based Automatic Theorem Proving for
First Order Modal Logics",
AUTHOR = "P J de la Quintana",
ISSUER = "Dept of Computing",
NUMBER = "DOC 88/5",
YEAR = 1988,
NOTE = "V108-724"
}

-- 
Rajeev Gore'             http://arp.anu.edu.au/ arp/rpg/rpg.html
Automated Reasoning Project, CISR, I Block, 
Australian National University, Canberra, ACT 0200, Australia
Tel: +61-6-249-5421 Fax:+61-6-249-0747 Email: rpg@arp.anu.edu.au

