@STRING{GOLDSZMIDT 		= "Mois\'{e}s Goldszmidt"}
@STRING{PEARL	 		= "Judea Pearl"}
@STRING{GINSBERG 		= "Matthew L. Ginsberg"}
@STRING{KYBURG 			= "Henry E. Kyburg, Jr."}
@STRING{QUINLAN 		= "J. Ross Quinlan"}
@STRING{WELLMAN 		= "Michael P. Wellman"}
@STRING{CHARNIAK 		= "Eugene Charniak"}
@STRING{MPOLLACK 		= "Martha E. Pollack"}
@STRING{WILKINS 		= "David E. Wilkins"}
@STRING{MCDERMOTT 		= "Drew V. McDermott"}
@string{INGRAND                 = "Fran\,{c}ois F\'{e}lix Ingrand"}

% golog folks
@String{REITER                  = {Raymond Reiter}}
@String{LEVESQUE                = {Hector J. Levesque}}
@String{LESPERANCE              = {Yves Lesp\'{e}rance}}


% HTCers
@string{MSB			= "Mark S.~Boddy"}
@string{RPG			= "Robert P.~Goldman"}
@string{ME                      = "Robert P.~Goldman"}
@string{MUSLINER		= "David J.~Musliner"}
@string{NELSON			= "Kyle Nelson"}
@STRING{KREBSBACH 		= "Kurt D.~Krebsbach"}
@STRING{PENNER 			= "Robin Penner"}
@string{BODDY			= "Mark S.~Boddy"}
@String{PELICAN                 = {Michael J.~S.~Pelican}}
@String{GEIB                    = {Christopher W.~Geib}}
@string{ENGSTROM                = {Eric Engstrom}}
@string{KRUEGER                 = {Jonathan Krueger}}
@string{WARD                    = {Jon Ward}}
@string{CMILLER                 = "Christopher A.~Miller"}
@string{FUNK                    = "Harry B.~Funk"}

% verification/hybrid systems folks
@STRING{ALUR 			= "Rajeev Alur"}
@STRING{DILL 			= "David L. Dill"}
@STRING{HENZINGER 		= "Thomas A. Henzinger"}
@STRING{WONG-TOI 		= "Howard Wong-{T}oi"}
@STRING{KROGH                   = "Bruce H. Krogh"}

@string{DEAN                    = "Thomas L.~Dean"}
@string{PARASURAMAN             = "Raja Parasuraman"}

% this is just handy
@string{AND                     = " and "}

@String{FREED = {Michael Freed}}
