File /src/users/goldman/refs/nn.bib last modified on Wed May 18 13:13:43 1994.

@INcollection{RMC:verbs,
	AUTHOR = {D.E. Rumelhart and J.L. McClelland},
	CHAPTER = {18},
	PAGES = {216--271},
	CROSSREF = {PDP2},
	TITLE = "On Learning the Past Tenses of English Verbs",
	PUBLISHER = {The MIT Press},
	YEAR = {1986},
	VOLUME = {2}
}

@INcollection{Rumelhart:86,
	AUTHOR = {D.E. Rumelhart and  G.E. Hinton and R.J. Williams},
	PAGES = {318--362},
	CROSSREF = {PDP1},
	TITLE = "Learning internal representations by error propagation",
	PUBLISHER = {The MIT Press},
	YEAR = {1986},
	VOLUME = {1}
}

@ARTICLE{NETtalk,
	AUTHOR = {Terrence J. Sejnowski and Charles R. Rosenberg},
	TITLE = "Parallel Networks that Learn to Pronounce English Text",
	JOURNAL = {Complex Systems},
	YEAR = {1987},
	VOLUME = {1},
	PAGES = {145--168}
}

@TECHREPORT{PandM:90,
	AUTHOR = {Kim Plunkett and Virginia Marchman},
	TITLE = "From Rote Learning to System Building",
	INSTITUTION = {Center for Research in Language
		       University of California, San Diego},
	YEAR = {1990},
	NUMBER = {9020},
	MONTH = September
}

@INPROCEEDINGS{Jordan:86,
	AUTHOR = {M.I. Jordan},
	TITLE = {Attractor Dynamics and Parallelism in a Connectionist
		 sequential machine},
	BOOKTITLE = COGSCI-86,
	YEAR = {1986}
}


@ARTICLE{Elman,
	AUTHOR = {Jeffrey L. Elman},
	TITLE = "Finding Structure in Time",
	JOURNAL = COGSCI,
	YEAR = {1990},
	VOLUME = 14,
	PAGES = {179--211}
}

@ARTICLE{Kohonen:82,
	AUTHOR = {Teuvo Kohonen},
	TITLE = {Self-organized formation of topologically correct
		 feature maps},
	JOURNAL = {Biological Cybernetics},
	YEAR = {1982},
	VOLUME = {43},
	PAGES = {59--69}
}

@ARTICLE{Rumelhart:86a,
	AUTHOR = {D.E. Rumelhart and  G.E. Hinton and R.J. Williams},
	TITLE = "Learning Representations by back-propagating errors",
	JOURNAL = {Nature},
	YEAR = {1986},
	VOLUME = {323},
	PAGES = {533--536}
}

@TECHREPORT{Siegelman:91,
	AUTHOR = {Hava Siegelman and Eduardo D. Sontag},
	TITLE = "Neural Nets are Universal Computing Devices",
	INSTITUTION = {Rutgers Center for Systems and Control},
	YEAR = {1991},
	NUMBER = {SYCON--91--08},
	ADDRESS = {New Brunswick, NJ},
	MONTH = May
}

@TECHREPORT{Stolcke:90,
	AUTHOR = {Andreas Stolcke},
	TITLE = {Learning Feature-based semantics with simple
		 recurrent Networks},
	INSTITUTION = {International Computer Science Institute},
	YEAR = {1990},
	NUMBER = {TR-90-015},
	ADDRESS = {Berkeley, CA},
	MONTH = April
}

@MISC{Jennings,
	AUTHOR = {Peggy J. Jennings and Steven W. Keele},
	TITLE = {A Computational model of Attentional requirements
		 in Sequence learning},
	NOTE = {Don't know where it came from}
}

@ARTICLE{Lippmann:87,
	AUTHOR = {Richard P. Lippmann},
	TITLE = "An Introduction to computing with neural nets",
	JOURNAL = {IEEE ASSP Magazine},
	YEAR = {1987},
	PAGES = {4--22},
	MONTH = April
}

@MISC{Gasser,
	AUTHOR = {Michael Gasser and Chan-Do Lee},
	TITLE = "Networks that learn phonology",
	HOWPUBLISHED = {unpublished MSS.}
}

@TECHREPORT{Mjolsness:90,
	AUTHOR = {Eric Mjolsness},
	TITLE = {Bayesian Inference on Visual Grammars by Neural
		 Nets that Optimize},
	INSTITUTION = {Department of Computer Science,
		       Yale University},
	YEAR = {1990},
	NUMBER = {YALEU-DCS-TR-854},
	ADDRESS = {New Haven, CT},
	MONTH = May
}

@INPROCEEDINGS{Touretzky:92,
	AUTHOR = {David S. Touretzky and Xuemei Wang},
	TITLE = {Energy Minimization and Directionality in 
		 Phonological Theories},
	CROSSREF = {COGSCI-92},
	PAGES = {248--252}
}

@ARTICLE(Albus:CMAC,
	AUTHOR = {J.S. Albus},
	TITLE = "Data Storage in the Cerebellar Model Articulation Controller",
	JOURNAL = {Journal of Dynamic Systems, Measurement and Control},
	YEAR = {1975},
	PAGES = {228--233},
	MONTH = {September}
)

@ARTICLE(Albus:CMACControl,
	AUTHOR = {J.S. Albus},
	TITLE = {A New Approach to Manipulator Control:  The 
		 Cerebellar Model Articulation Controller},
	JOURNAL = {Journal of Dynamic Systems, Measurement and Control},
	YEAR = {1975},
	PAGES = {220--227},
	MONTH = {September}
)

@ARTICLE(Albus:71,
	AUTHOR = {James S. Albus},
	TITLE = "A Theory of Cerebellar Function",
	JOURNAL = {Mathematical Biosciences},
	YEAR = {1971},
	VOLUME = {10},
	PAGES = {25--61}
)

@INPROCEEDINGS(Lane:CMAC,
=============================== REQUIRED FIELDS ===============================
	AUTHOR = {Stephen H. Lane and David A. Handelman and Jack J. Gelfand},
	TITLE = {Development of Adaptive B-Splines using CMAC
		 Neural Networks},
	BOOKTITLE = {},
	YEAR = {1989},
=============================== OPTIONAL FIELDS ===============================
	EDITOR = {},
	PAGES = {},
	ORGANIZATION = {},
	PUBLISHER = {},
	ADDRESS = {},
	MONTH = ,
	NOTE = {},
	CROSSREF = {}
)

@INCOLLECTION(MoodyCMAC:89,
	AUTHOR = {John Moody},
	TITLE = "Fast Learning in Multi-resolution hierarchies",
	BOOKTITLE = NIPS,
	PUBLISHER = KAUFMANN,
	YEAR = {1989},
	EDITOR = {D.S. Touretzky},
	PAGES = {29--39}
)

@TECHREPORT(Omlin:94,
	AUTHOR = {Christian W. Omlin and C. Lee Giles},
	TITLE = {Constructing Deterministic Finite-State Automata
		 in Recurrent Neural networks},
	INSTITUTION = {Computer Science Department,
		       Rensselaer Polytechnic Institute},
	YEAR = {1994},
	NUMBER = {94--3},
	ADDRESS = {Troy, NY}
)
