@InProceedings{conf/ekaw/RectorDHRKSWW04,
  title =	"{OWL} Pizzas: Practical Experience of Teaching
		 {OWL}-{DL}: Common Errors \& Common Patterns",
  author =	"Alan L. Rector and Nick Drummond and Matthew Horridge
		 and Jeremy Rogers and Holger Knublauch and Robert
		 Stevens and Hai Wang and Chris Wroe",
  bibdate =	"2011-03-30",
  bibsource =	"DBLP,
		 http://dblp.uni-trier.de/db/conf/ekaw/ekaw2004.html#RectorDHRKSWW04",
  booktitle =	"EKAW",
  booktitle =	"Engineering Knowledge in the Age of the Semantic Web,
		 14th International Conference, {EKAW} 2004, Whittlebury
		 Hall, {UK}, October 5-8, 2004, Proceedings",
  publisher =	"Springer",
  year = 	"2004",
  volume =	"3257",
  editor =	"Enrico Motta and Nigel Shadbolt and Arthur Stutt and
		 Nicholas Gibbins",
  ISBN = 	"3-540-23340-7",
  pages =	"63--81",
  series =	"Lecture Notes in Computer Science",
  URL =  	"http://dx.doi.org/10.1007/978-3-540-30202-5_5",
}

@Article{martin07:owl_s,
  author =	 {David Martin and Mark Burstein 
                  and Drew McDermott and Sheila McIlraith 
                  and Massimo Paolucci and Katia Sycara and Deborah McGuiness and Everen Sirin and Naveen Srinivasan},
  title =	 {Bringing Semantics to Web Services with OWL-S},
  year =	 2007,
  journal =      {World Wide Web},
  volume =       {10},
  number =       {3},
  pages =        {243--277},
}

@Misc{martin04:owl_s,
  author =	 {David Martin and Mark Burstein and Jerry Hobbs and Ora Lassila
                  and Drew McDermott and Sheila McIlraith and Srini Narayanan
                  and Massimo Paolucci and Bijan Parsia and Terry Payne and
                  Evren Sirin and Naveen Srinivasan and Katia Sycara},
  title =	 {{OWL-S}: Semantic Markup for Web Services},
  howpublished ={W3C Member Submission},
  month =	 nov,
  year =	 2004,
  url =		 {http://www.w3.org/Submission/2004/SUBM-OWL-S-20041122/}
}

