File /home/rpg/refs/parser.bib last modified on Wed Jun 19 14:38:16 1991.
\include{/u/rpg/refs/strings}
 

@incollection{Colmerauer:78,
	author = {A. Colmerauer},
	title = "Metamorphosis Grammars",
	booktitle = {Natural Language Communication},
	publisher = {Springer-Verlag},
	year = 1978,
	pages = {133-189},
	editor = {G. Goos and J. Hartmanis}
}


@incollection{BUP,
	author = {Yuji Matsumoto and Hozumi Tanaka and Masaki Kiyono},
	title = "BUP:  A Bottom-UP Parsing System for Natural Languages",
	booktitle = {Logic Programming and Its Applications},
	publisher = {Ablex Publishing Corp.},
	year = 1986,
	pages = {262--275},
	editor = {Michel van Canegham and David H.D. Warren}}

@inproceedings(Tomita:85,
	author =	{Masaru Tomita},
	year =		{1985},
	booktitle =	"Proceedings of the 8th International Joint
			Conference on Artificial Intelligence",
	pages =		{756-765},
	title =		{An efficient context-free parsing algorithm for natural languages}
)

@inproceedings(Tomita:88,
	author =	{Masaru Tomita},
	year =		{1988},
	booktitle =	ACL-88,
	pages =		{249-257},
	title =		{Graph-structured Stack and Natural language Parsing}
)


@article(Pereira:80,
	author =	{F. Pereira and D. Warren},
	year =		{1980},
	journal =	{Artificial Intelligence},
	pages =		{231-278},
	title =		"Definite clause grammar for language analysis -- A survey of the formalism and a comparison with augmented transition networks",
	volume =	{13}
)

@book{Pereira:PrologNLU,
	author = {Fernando C.N. Pereira and Stuart M. Shieber},
	title = "Prolog and Natural-language Analysis",
	publisher = CSLI,
	address = CSLI-ADDRESS,
	year = 1987}

@techreport(Church:82,
	author = 	{Kenneth Church and Ramesh Patil},
	year =		{1982},
	institution =	MITLCS,
	title =		{Coping with Syntactic Ambiguity, or How to 
		Put the Block in the Box on the Table.},
	
)


@book(AhoSethiUllman,
	author =	{Alfred Aho and Ravi Sethi and Jeffrey Ullman},
	address =	{Reading, MA},
	year =		{1986},
	publisher =	{Addison-Wesley},
	title =		{Compilers: Principles, Techniques and Tools}
)

@TECHREPORT{Hindle:90,
	AUTHOR = {Donald Hindle},
	TITLE = "A Parser for Text Corpora",
	INSTITUTION = {AT\&T Bell Labs},
	YEAR = {1990}
}

@InProceedings{frost-hafiz-callaghan:2007:IWPT2007,
  author =       {Frost, Richard and Hafiz, Rahmatullah and Callaghan, Paul},
  title =        {Modular and Efficient Top-Down Parsing for Ambiguous
                  Left-Recursive Grammars},
  booktitle =    {Proceedings of the Tenth International Conference on Parsing
                  Technologies},
  month =        {June},
  year =         {2007},
  address =      {Prague, Czech Republic},
  publisher =    {Association for Computational Linguistics},
  pages =        {109--120},
  url =          {http://www.aclweb.org/anthology/W/W07/W07-2215},
  annote =       {Paper on memoized functional top-down parsers suggested by
                  Chris Geib for its relevance to plan recognition.}
}


@InProceedings{HuntRosenkrantz:STOC74,
  author =	"H. B. Hunt and D. J. Rosenkrantz",
  title =	"Computational Parallels Between the Regular and
		 Context-Free Languages",
  pages =	"64--74",
  booktitle =	"{ACM} Symposium on Theory of Computing ({STOC} '74)",
  month =	apr,
  publisher =	"ACM Press",
  address =	"New York",
  year = 	"1974",
}

From Multiprocessor/Distributed Processing Bibliography (1979):

@Article{Ghezzi79,
  author =	"Carlo Ghezzi and Dino Mandriolli",
  title =	"Incremental Parsing",
  journal =	"ACM Transactions on Programming Languages and Systems
		 (TOPLAS)",
  volume =	"1",
  number =	"1",
  month =	jul,
  year = 	"1979",
  keywords =	"parallel parsing,",
}
