File /net/users/goldman/refs/prolog.bib last modified on Thu Dec 11 15:28:03 1997.

@TECHREPORT{Erbach:95,
	AUTHOR = {Gregor Erbach},
	TITLE = {{ProFIT:} Prolog with features, inheritance and 
		 templates},
	INSTITUTION = {Universit\"{a}t des Saarlandes},
	YEAR = {1995},
	TYPE = {{CLAUS} note},
	NUMBER = {42}
}

@TECHREPORT{BinProlog,
	AUTHOR = {Paul Moncton},
	TITLE = "{BinProlog} 5.75 User Guide",
	INSTITUTION = {University of Moncton},
	YEAR = {1997},
	MONTH = apr
}

@ARTICLE(Warren:MEMO,
	AUTHOR = {David S. Warren},
	TITLE = "Memoing for Logic Programs",
	JOURNAL = CACM,
	YEAR = {1992},
	VOLUME = {35},
	NUMBER = {3},
	PAGES = {93--111},
	MONTH = mar
)

@incollection{Carlsson:1997:OEF,
  author =       "M. Carlsson and G. Ottosson and B. Carlson",
  title =        "An Open-Ended Finite Domain Constraint Solver",
  number =       "1292",
  publisher = 	 {Springer-Verlag},
  year =         "1997",
  series = 	 {LNCS},
  coden =        "LNCSD9",
  ISSN =         "0302-9743",
  bibdate =      "Tue Apr 28 08:51:33 MDT 1998",
  acknowledgement = ack-nhfb,
}