File /home/rpg/refs/reactive.bib last modified on Wed Jul 24 14:09:40 1991.

@INPROCEEDINGS{pengi,
	AUTHOR = {Philip E. Agre and David Chapman},
	TITLE = "Pengi:  An implementation of a theory of activity",
	BOOKTITLE = AAAI-87,
	YEAR = {1987},
	PAGES = {268--272},
	PUBLISHER = KAUFMANN,
	ADDRESS = KAUFMANN-ADDRESS
}


@TECHREPORT{Chapman:86,
	AUTHOR = {David Chapman},
	TITLE = "Cognitive Cliches",
	INSTITUTION = MITAI,
	YEAR = {1986},
	TYPE = {AI Working Paper},
	NUMBER = {286},
	MONTH = April
}

@TECHREPORT{Agre:85,
	AUTHOR = {Philip E. Agre},
	TITLE = "Routines",
	INSTITUTION = MITAI,
	YEAR = {1985},
	TYPE = {AI Working Paper},
	NUMBER = {828},
	MONTH = May
}

@INPROCEEDINGS{Firby:87,
	AUTHOR = {R. James Firby},
	TITLE = {An Investigation into Reactive Planning in Complex
		 Domains},
	BOOKTITLE = AAAI-87,
	YEAR = {1987},
	PAGES = {202--206},
	PUBLISHER = KAUFMANN,
	ADDRESS = KAUFMANN-ADDRESS
}

@INPROCEEDINGS{Rosenschein:86,
	AUTHOR = {Stanley J. Rosenschein and Leslie Pack Kaelbling},
	TITLE = {The Synthesis of Digital Machines with Provable
		 Epistemic Properties},
	BOOKTITLE = {Theoretical Aspects of Reasoning about Knowledge},
	YEAR = {1986},
	EDITOR = {Joseph Y. Halpern},
	PAGES = {83--98},
	PUBLISHER = KAUFMANN,
	ADDRESS = KAUFMANN-ADDRESS
}

@ARTICLE{Kirsch:91,
	AUTHOR = {David Kirsch},
	TITLE = "Today the earwig, tomorrow man?",
	JOURNAL = AIJ,
	YEAR = {1991},
	VOLUME = {47},
	PAGES = {161--184},
	MONTH = January
}
