File f:/goldman/refs/scheduling.bib last modified on Fri Apr 24 12:40:37 1998.

@ARTICLE(Grant:86,
	AUTHOR = {T. J. Grant},
	TITLE = {Lessons for O.R. from A.I:
		 A Scheduling Case Study},
	JOURNAL = {Journal of Operations Research},
	YEAR = {1986},
	VOLUME = {37},
	NUMBER = {1},
	PAGES = {41--57}
)

@ARTICLE(MonmaPotts:89,
	AUTHOR = {Clyde L. Monma and Chris N. Potts},
	TITLE = {On the Complexity of Scheduling with Batch
		 Setup Times},
	JOURNAL = {Operations Research},
	YEAR = {1989},
	VOLUME = {37},
	NUMBER = {5},
	PAGES = {798--804}
)

@BOOK(Morton:HeuristicScheduling,
	AUTHOR = {Thomas E. Morton and David W. Pentico},
	TITLE = "Heuristic Scheduling Systems",
	PUBLISHER = {Wiley},
	YEAR = {1993},
	SERIES = {Wiley Series in Engineering \& Technology Management},
	ADDRESS = {New York}
)

@ARTICLE{Wellons:91a,
	AUTHOR = {Michael C. Wellons and Gintaras V. Reklaitis},
	TITLE = {Scheduling of Multipurpose Batch Chemical Plants.
		 1. Formation of Single-product Campaigns},
	JOURNAL = IECR,
	YEAR = {1991},
	VOLUME = {30},
	PAGES = {671--688}
}

@ARTICLE{Wellons:91b,
	AUTHOR = {Michael C. Wellons and Gintaras V. Reklaitis},
	TITLE = {Scheduling of Multipurpose Batch Chemical Plants.
		 2. Multiple-product Campaign Formation and
		 Production Planning},
	JOURNAL = IECR,
	YEAR = {1991},
	VOLUME = {30},
	PAGES = {688--705}
}

@ARTICLE{Kondili:93,
	AUTHOR = {E. Kondili and C. C. Pantelides and R.W.H. Sargent},
	TITLE = {A General Algorithm for Short-term Scheduling of
		 Batch Operations --- 
		 I.  {MILP} Formulation},
	JOURNAL = CCE,
	YEAR = {1993},
	VOLUME = {17},
	NUMBER = {2},
	PAGES = {211--227}
}

@ARTICLE{Shah:93,
	AUTHOR = {N. Shah and C. C. Pantelides and R.W.H. Sargent},
	TITLE = {A General Algorithm for Short-term Scheduling of
		 Batch Operations --- 
		 I.  Computational Issues},
	JOURNAL = CCE,
	YEAR = {1993},
	VOLUME = {17},
	NUMBER = {2},
	PAGES = {229--244}
}



@ARTICLE{Reklaitis:BatchSchedSurvey,
	AUTHOR = {G.V. Reklaitis},
	TITLE = "Scheduling approaches for the batch process industries",
	JOURNAL = {{ISA} Transactions},
	YEAR = {1995},
	VOLUME = {34},
	NUMBER = {4},
	PAGES = {349--358},
	ANNOTE = {A cursory survey of the possible approaches to scheduling for
		  batch manufacturing.  Argues for the MILP approach.  Cites some
		  interesting work, but does not go into substantial detail.}
}

@ARTICLE{Wiede:87a,
	AUTHOR = {W. Wiede Jr. and K. Kuriyan and G. V. Reklaitis},
	TITLE = {Determination of Completion Times for Serial
		 Multiproduct processes ---
		 1.  A two unit finite intermediate storage system},
	JOURNAL = CCE,
	YEAR = {1987},
	VOLUME = {11},
	NUMBER = {4},
	PAGES = {337--344}
}

@ARTICLE{Wiede:87b,
	AUTHOR = {W. Wiede Jr. and G. V. Reklaitis},
	TITLE = {Determination of Completion Times for Serial
		 Multiproduct processes ---
		 2.  A multiunit finite intermediate storage system},
	JOURNAL = CCE,
	YEAR = {1987},
	VOLUME = {11},
	NUMBER = {4},
	PAGES = {345--356}
}

@ARTICLE{Wiede:87c,
	AUTHOR = {W. Wiede Jr. and G. V. Reklaitis},
	TITLE = {Determination of Completion Times for Serial
		 Multiproduct processes ---
		 3.  Mixed intermediate storage systems},
	JOURNAL = CCE,
	YEAR = {1987},
	VOLUME = {11},
	NUMBER = {4},
	PAGES = {357--368}
}

@ARTICLE{SahinidisGrossman:91,
	AUTHOR = {N.V. Sahinidis and I.E. Grossman},
	TITLE = {Reformulation of Multiperiod {MILP} models
		 for planning and scheduling of chemical
		 processes},
	JOURNAL = CCE,
	YEAR = {1991},
	VOLUME = {15},
	NUMBER = {4},
	PAGES = {255--272}
}

@BOOK{MRPII,
	AUTHOR = {Oliver W. Wight},
	TITLE = "{MRP-II}: Unlocking America's Productivity Potential",
	PUBLISHER = {Oliver Wight Limited Publications, Inc.},
	YEAR = {1981},
	ADDRESS = {Williston, VT}
}

@INCOLLECTION(Elleby:88,
	AUTHOR = {P. Elleby and H.E. Fargher and T.R. Addis},
	TITLE = "Reactive Constraint-based Job-shop Scheduling",
	BOOKTITLE = {Expert Systems and Intelligent Manufacturing},
	PUBLISHER = {Elsevier},
	YEAR = {1988},
	EDITOR = {Michael D. Oliff}
)

@inproceedings(SSmithAAAI-88,
    author = {Ow, P. S. and Smith, S. F. and Thiriez, A.},
    title = "Reactive Plan Revision",
	booktitle = {Proceedings AAAI-88},
	location = {St. Paul, Minnesota},
	organization = {AAAI},
	year = 1988,
)

@incollection	( OWSMITH88,
author	=	"Ow, P.S. and Smith, S.F." ,
title	=	"Viewing Scheduling as an Opportunistic Problem
Solving Process" ,
editor	=	"R.G. Jeroslow" ,
publisher=	"Baltzer Scientific Publishing Co." ,
booktitle=	"Annals of Operations Research 12" ,
year	=	"1988"
)

@ARTICLE{SSmith:IntegratedFrame,
	AUTHOR = {Stephen F. Smith and Peng Si Ow and Jean-Yves Potvin
		  and Nicola Muscettola and Dirk C. Matthys},
	TITLE = {An Integrated Framework for Generating and 
		 Revising Factory Schedules},
	JOURNAL = {Journal of the Operational Research Society},
	YEAR = {1990},
	VOLUME = {41},
	NUMBER = {6},
	PAGES = {539--552}
}

@ARTICLE{Sycara:91,
	AUTHOR = {Katia P. Sycara and Steven F. Roth and Norman Sadeh 
		  and Mark S. Fox},
	TITLE = "Resource Allocation in Distributed Factory Scheduling",
	JOURNAL = EXPERT,
	YEAR = {1991},
	PAGES = {29--40},
	MONTH = {February}
}

@ARTICLE{Meng:91,
	AUTHOR = {Chao-Chiang Meng and Michael Sullivan},
	TITLE = {Logos:  A Constraint-directed Reasoning Shell for
		 Operations Management},
	JOURNAL = EXPERT,
	YEAR = {1991},
	PAGES = {20--28},
	MONTH = {February}
}

@PHDTHESIS{Hildum:thesis,
	AUTHOR = {David W. Hildum},
	TITLE = {Flexibility in a Knowledge-based System for
		 Solving Dynamic Resource-constrained
		 Scheduling Problems},
	SCHOOL = {Department of Computer Science,
		  University of Massachusetts},
	YEAR = {1994},
	ADDRESS = {Amherst, MA}
}

@TECHREPORT{Fruhwirth:94,
	AUTHOR = {Thom Fr\"{u}hwirth},
	TITLE = {Annotated Constraint Logic Programming
		 Applied to Temporal Reasoning},
	INSTITUTION = {{ECRC}},
	YEAR = {1994},
	NUMBER = {{ECRC}-94-22},
	MONTH = {July}
}

@INPROCEEDINGS{Tolba:91,
	AUTHOR = {Hany Tolba and Fran\,{c}ois Charpillet and 
		  Jean-{P}aul Haton},
	TITLE = {Representing and Propagating Constraints in
		 Temporal Reasoning},
	BOOKTITLE = {Proceedings of the {IEEE} International
		     Conference on Tools for AI},
	YEAR = {1991},
	PAGES = {181--184},
	ADDRESS = {San Jose}
}

@TECHREPORT{Beck:DomainLang,
	AUTHOR = {Howard Beck and Ken Currie and Austin Tate},
	TITLE = {A Domain Description Language for Job-shop
		 Scheduling},
	INSTITUTION = {AIAI, University of Edinburgh},
	YEAR = {1993},
	NUMBER = {AI-TR-137},
	ADDRESS = {Edinburgh, UK}
}

@inproceedings	( SADEH90,
author	=	{N. Sadeh and M.S. Fox} ,
title	=	"Variable and Value Ordering Heuristics for
Activity-based Job-shop Scheduling" ,
booktitle=	"Proceedings of the Fourth International Conference
on Expert Systems in Production and Operations Management, Hilton Head
Island, S.C." ,
year	=	"1990 "
)

@article	( FOXSMITH84,
author	=	"Fox, M.S. and Smith, S.F." ,
title	=	"ISIS: A Knowledge-Based System for Factory
Scheduling" ,
journal	=	"Expert Systems" ,
volume	=	"1" ,
number	=	"1" ,
year	=	"1984" ,
pages	=	"25-49"
)

@techreport	(Muscettola93,
author	=	{Muscettola, N.},
title	=	"{HSTS}: Integrating Planning and Scheduling",
institution=	{The Robotics Institute, Carnegie Mellon University},
number	=	"CMU-RI-TR-93-05" ,
year	=	"1993"
)

@UNPUBLISHED{Pinto:94,
	AUTHOR = {Jose M. Pinto and Ignacio E. Grossman},
	TITLE = {A Continuous Time {MILP} model
		 for short term scheduling of multistage batch plants},
	NOTE = {Manuscript},
	MONTH = {November},
	YEAR = {1994}
}

@UNPUBLISHED{Pinto:95,
	AUTHOR = {Jose M. Pinto and Ignacio E. Grossman},
	TITLE = {An Alternate {MILP} model
		 for short term scheduling of batch plants
		 with pre-ordering constraints},
	NOTE = {Research Note},
	MONTH = {May},
	YEAR = {1995}
}

@ARTICLE{Carlier:94,
	AUTHOR = {J. Carlier and E. Pinson},
	TITLE = {Adjustment of heads and tails for the job-shop
		 problem},
	JOURNAL = EJOR,
	YEAR = {1994},
	VOLUME = {78},
	PAGES = {146--161}
}

@ARTICLE{Carlier:90,
	AUTHOR = {J. Carlier and E. Pinson},
	TITLE = {A Practical Use of Jackson's Preemptive Schedule for Solving
		  the job-shop problem},
	JOURNAL = AOR,
	YEAR = {1990},
	VOLUME = {26},
	PAGES = {269--287}
}

@ARTICLE{Applegate:91,
	AUTHOR = {David Applegate and William Cook},
	TITLE = "A Computational Study of the Job-shop Scheduling Problem",
	JOURNAL = {{ORSA} Journal on Computing},
	YEAR = {1991},
	VOLUME = {3},
	NUMBER = {2},
	PAGES = {149--156},
	MONTH = {Spring}
}

@ARTICLE{Bartusch:POGs,
	AUTHOR = {M. Bartusch},
	TITLE = {An Algorithm for Generating all maximal independent
		 subsets of posets},
	JOURNAL = {Computing},
	YEAR = {1981},
	VOLUME = {26},
	PAGES = {343--354},
	ANNOTE = {Fairly difficult paper that describes an algorithm
		to be used to determine the maximal (setwise) independent
		subsets of a partially-ordered set.  The algorithm may
		be implemented as a variety of depth-first search.
		For scheduling, may be used to determine upper and
		lower bounds on resource usage by activities.}
}

@ARTICLE{Bartusch:88,
	AUTHOR = {M. Bartusch and R.H. M\"{o}hring and 
		  F.J. Radermacher},
	TITLE = {Scheduling Project Networks with Resource
		 Constraints and Time Windows},
	JOURNAL = AOR,
	YEAR = {1988},
	VOLUME = {16},
	PAGES = {201--240},
	ANNOTE = {Augments conventional scheduling models with support for
		  resources with metric availability (rather than just unit
                  resources), but only fixed supply; no replenishment.  Also
		  does not provide for meeting resource requirements with
		  alternate choices; resource requirements specify exact
		  resource choice, rather than simply a set of possible
		  resources.  Given these limitations, the computation of
		  maximal independent subsets of partial order supports
		  resolution of possible oversubscriptions to resources.}
}

@INPROCEEDINGS{Henz:CTTinOz,
	AUTHOR = {Martin Henz and J\"org W\"urtz},
	TITLE = "Using Oz for College Time Tabling",
	BOOKTITLE = {International Conference on the Practice and Theory 
		     of Automated Time Tabling},
	YEAR = {1995},
	ADDRESS = {Edinburgh, Scotland},
	ANNOTE = {Discusses the use of Oz, an extended language that
		  supports procedural specifications and constraint
		  programming, for college class scheduling.  The 
		  constraints provided are slightly more complex 
		  than job-shop.  Nothing earth-shattering here.}
}

@MISC{Elkamel:Unk,
	AUTHOR = {A. Elkamel and M.G. Zentner and J.F. Pekny 
		  and G. V. Reklaitis},
	TITLE = {Matematical Programming Based Heuristics
		 for Scheduling the General Batch Plant},
	NOTE = {Offprint mangled so publication place unreadable.}
}

@INCOLLECTION{Elleby:88,
	AUTHOR = {P. Elleby and H.E. Fargher and T.R. Addis},
	TITLE = "Reactive Constraint-based Job-shop Scheduling",
	BOOKTITLE = {Expert Systems and Intelligent Manufacturing},
	PUBLISHER = ELSEVIER,
	YEAR = {1988},
	EDITOR = {Michael D. Oliff},
	PAGES = {1--10}
}

@INCOLLECTION{Henning:94,
	AUTHOR = {Gabriela P. Henning and Jaime Cerd\'a},
	TITLE = {{ESA}: An Expert Scheduling Assistant for
		 Batch Processes},
	BOOKTITLE = {Foundations of Computer Aided Process 
		     Operations},
	PUBLISHER = {{CAChE}},
	YEAR = {1994},
	EDITOR = {D.W.T. Rippon and J.C. Hale and J.F. Davis},
	PAGES = {403--408},
	ADDRESS = {Austin, {TX}},
	ANNOTE = {Paper is very fluffy.  No particular details of the
		  approach to scheduling.  Scheduling is generate-and-refine.
		  Claim to do rescheduling, but they don't say how.  Seems to
		  be by applying ad-hoc rules for schedule repair.}
}

@ARTICLE{Janicke:85,
	AUTHOR = {W. J\"{a}nicke},
	TITLE = {On the Solution of Scheduling Problems for Multi-purpose
		 Batch Chemical Plants},
	JOURNAL = CCE,
	YEAR = {1985},
	VOLUME = {8},
	NUMBER = {6},
	PAGES = {339--343},
	ANNOTE = {The approach presented here is one of scheduling
		  by projection.  The author provides an algorithm that
		  ``schedules and varies a batch when a starting time
		  is given.''  That is, the author provides an algorithm
		  that exactly provides the new schedule that results 
		  from adding a particular batch at a particular start 
		  time.  The algorithm depends on a discretization of 
		  time.  The user provides a graph of the plant at hand
		  and a subgraph which specifies those parts of the plant
		  needed to make the batch in question.  The latter is
		  mapped onto the former.  The algorithm handles changeover
		  times.  The topology of the plant is a key consideration.
		  It is not clear to me that this is realistic:  we need to 
		  better understand how production lines are set up in real
		  plants.  The algorithm is a straightforward graph-embedding
		  depth-first search algorithm.  The author recommends using
		  this schedule-augmentation algorithm interactively with 
		  a user for short-term scheduling and applying search over
		  it for long-term scheduling.}
}

@INPROCEEDINGS{Rodosek:95,
	AUTHOR = {Robert Rodo\v{s}ek},
	TITLE = "A Search Control for Scheduling Problems",
	BOOKTITLE = {1995 {IFAC}/{IMACS} International Workshop on 
		     Artificial Intelligence in Real-time Control},
	YEAR = {1995},
	EDITOR = {J. Kocijan and R. Karba},
	ADDRESS = {Bled, Slovenia},
	ANNOTE = {The author proposes hypergraph operations that can lead to 
		  backtrack free solution of scheduling search problems.  As
		  far as I can tell, he just makes the treatment of disjunction
		  correspond to a graph operation and then is trivially left
		  with backtrack-free operations.}
}

@TECHREPORT{Lee:RefinerySched,
	AUTHOR = {Herman Lee and Jose M. Pinto and 
		  Ignacio E. Grossmann and Sunwon Park},
	TITLE = {{MILP} Model for Refinery Short term scheduling
		 of Crude Oil Unloading with Inventory Management},
	INSTITUTION = {Department of Chemical Engineering, {KAIST}},
	YEAR = {1995},
	NUMBER = {{EDRC} 06-210-95},
	ADDRESS = {Taejon, Korea},
	MONTH = aug,
	ANNOTE = {This paper describes CMU approach to scheduling refineries.
		  The work done here seems to be only toy-problem scale.
		  Gives a pretty good introduction to the problems of refinery
		  scheduling, however.}
}

@MISC{Wilkinson:96,
	AUTHOR = {S.J. Wilkinson and A. Cortier and N. Shah and 
		  C.C. Pantelides},
	TITLE = {Integrated Production and Distribution scheduling
		 on a Europe-wide basis},
	HOWPUBLISHED = {Unknown publication},
	YEAR = {1996},
	ANNOTE = {Gives a brief discussion of scaling up scheduling problems
		  from one plant to a multi-plant problem scheduled Europe-wide.
		  No special approach is used, though --- they simply schedule
		  the plants together as an aggregate plant.}
}

@MISC{Shah:CrudeSched,
	AUTHOR = {N. Shah},
	TITLE = {Mathematical programming techniques for crude oil
		 scheduling},
	HOWPUBLISHED = {Unknown publication},
	ANNOTE = {Discusses the scheduling of crude oil unloading and feeding 
		  to crude distillation units (CDUs).  The technique used is 
		  MILP.  Gives a simple model structure.  Details of implementation
		  are not given in this article.}
}

@UNPUBLISHED{Iyer:UtilityScheduling,
	AUTHOR = {Ramaswamy R. Iyer and Ignacio E. Grossmann},
	TITLE = {Optimal Multiperiod Operational Planning for Utility
		 Systems},
	NOTE = {preprint},
	MONTH = sep,
	YEAR = {1995}
}

@INPROCEEDINGS{Sauer:94,
	AUTHOR = {J\"{u}rgen Sauer and Ralf Bruns},
	TITLE = "Knowledge-Based scheduling systems in Prolog",
	BOOKTITLE = {Proceedings of the Second International Conference on 
		     the practical application of Prolog},
	YEAR = {1994},
	PAGES = {453--470},
	ADDRESS = {London, UK},
	MONTH = apr,
	ANNOTE = {Describes a domain-independent system, PROTOS, within which 
		  scheduling systems can be implemented.  Discusses hospital,
		  metal industry and chemical process applications.}
}

@INPROCEEDINGS{Sauer:95,
	AUTHOR = {J\"{u}rgen Sauer and Ralf Bruns},
	TITLE = "Intelligent multi-site coordination and scheduling",
	BOOKTITLE = {Proceedings for the International Conference on
		     Improving Manufacturing Performance in a 
		     distributed enterprise:  advanced systems and tools},
	YEAR = {1995},
	PAGES = {207--214},
	ADDRESS = {Edinburgh, UK},
	MONTH = jul,
	ANNOTE = {Describes an extension of the authors' domain-independent system
		  to distributed scheduling problems.}
}

@INCOLLECTION{Sauer:95b,
	AUTHOR = {J\"{u}rgen Sauer},
	TITLE = "Scheduling and Meta-scheduling",
	CROSSREF = {LogicProgramming:95}
}



@INCOLLECTION{Sterling:GenericScheduling,
	AUTHOR = {Leon Sterling and Venkatesh Srinivasan},
	CHAPTER = {10},
	PAGES = {301--322},
	TITLE = "A Generic Scheduling Framework developed in Prolog",
	CROSSREF = {LogicProgramming:95},
	ANNOTE = {A meta-scheduling system, that contains code for several prototypical
		  scheduling problems (called scheduling ``clusters''):  
		  job-shop, transportation, time-tabling.  The intent is that these
		  be customized for particular problems.  As yet I have not read this 
		  paper.}
}

@INCOLLECTION{Breitinger:CLPScheduling,
	AUTHOR = {Silvia Breitinger and Hendrik C.R. Lock},
	CHAPTER = {9},
	PAGES = {273--299},
	TITLE = {Using Constraint Logic Programming for Industrial Scheduling
		 Problems},
	CROSSREF = {LogicProgramming:95},
	ANNOTE = {Discusses how to represent scheduling problems in CLP and then 
		  introduces three issues:  representing disjunctions efficiently;
		  variable-ordering heuristics and limiting the number of possible
		  variable values to prune the search space.  The representation of 
		  disjunction is done by introducing boolean variables for orderings,
		  which are done as per mixed-integer linear programming.  I have not
		  carefully read this paper.}
}

@TECHREPORT{VanHentenryck:93,
	AUTHOR = {Pascal Van Hentenryck and Vijay Saraswat and Yves Deville},
	TITLE = {Design, Implementations and evaluation of the Constraint
		 Language {cc(FD)}},
	INSTITUTION = {Brown University, Computer Science Department},
	YEAR = {1993},
	NUMBER = {CS-93-02},
	MONTH = jan,
	ANNOTE = {Describes a committed choice constraint language that
		  has been applied to scheduling problems.}
}

@TECHREPORT{VanHentenryck:92,
	AUTHOR = {Pascal Van Hentenryck},
	TITLE = {Scheduling and Packing in the Constraint
		 Language {cc(FD)}},
	INSTITUTION = {Brown University, Computer Science Department},
	YEAR = {1992},
	NUMBER = {CS-92-43},
	MONTH = sep
}

@TECHREPORT{VanHentenryck:95,
	AUTHOR = {Pascal Van Hentenryck and Laurent Michel},
	TITLE = {Newton:  Constraint Programming over Nonlinear
		 Real Constraints},
	INSTITUTION = {Brown University, Computer Science Department},
	YEAR = {1995},
	NUMBER = {CS-95-25},
	MONTH = aug
}

@TECHREPORT{Oates:94,
	AUTHOR = {Tim Oates and Paul R. Cohen},
	TITLE = {Mixed-initiative schedule maintenance: a first step
		 towards plan steering},
	INSTITUTION = {Department of Computer Science, University of Massachusetts},
	YEAR = {1994},
	NUMBER = {94-31},
	ADDRESS = {Amherst, MA}
}

@INPROCEEDINGS{ORsoft:83,
	AUTHOR = {G. Gruhn and G. Fichtner and W. Jaenicke},
	TITLE = "Scheduling of a multi-purpose batch chemical plant",
	BOOKTITLE = {Proceedings of the 3rd International Congress: Computers
		     and Chemical Engineering},
	YEAR = {1983},
	ADDRESS = {Paris}
}

@INPROCEEDINGS{Boddy:96,
	AUTHOR = {Mark S. Boddy},
	TITLE = {Temporal Reasoning for Planning and Scheduling
		 in Complex Domains: Lessons Learned},
	BOOKTITLE = {Advanced Planning Technology},
	YEAR = {1996},
	EDITOR = {Austin Tate},
	PAGES = {77--83},
	PUBLISHER = AAAI-PRESS,
	ADDRESS = AAAI-PRESS-ADDRESS,
	MONTH = may
}



@UNPUBLISHED{Rodosek:96,
	AUTHOR = {Robert Rodo\u{s}ek and Mark G. Wallace and 
		  Mozafar T. Hajian},
	TITLE = {A New Approach to Integrating Mixed Integer 
		 Programming and {CLP}},
	NOTE = {Unpublished {MSS}.},
	MONTH = apr,
	YEAR = {1996}
}

@ARTICLE{Chinneck:96,
	AUTHOR = {John W. Chinneck},
	TITLE = {Computer Codes for the Analysis of Infeasible
		 Linear Programs},
	JOURNAL = JORS,
	YEAR = {1996},
	VOLUME = {47},
	PAGES = {61--72},
	ANNOTE = {Summarizes a number of methods for finding an
		  Irreducible Infeasible Set (IIS), that is an analog
		  of the nogoods that we use in clever backtracking
		  search.}
}

@ARTICLE(AggounBeldiceanu:93,
	AUTHOR = {Abderrahmane aggoun and Nicolas Beldiceanu},
	TITLE = {Extending {{\sc Chip}} in order to solve complex
		 scheduling and placement problems},
	JOURNAL = {Mathematical and Computer Modelling},
	YEAR = {1993},
	VOLUME = {17},
	NUMBER = {7},
	PAGES = {57--73},
	ANNOTE = {Describes the cumulative constraint.}
)

@INPROCEEDINGS(BettiniETAL:96,
	AUTHOR = {Claudio Bettini and X. Sean Wang and Sushil Jajodia},
	TITLE = {A General Framework and Reasoning Models for Time
		 Granularity},
	PAGES = {104--111},
	CROSSREF = {TIME96}
)

@INPROCEEDINGS(CukiermanDelgrande:96,
	AUTHOR = {Diana Cukierman and James Delgrande},
	TITLE = "Characterizing Temporal Repetition",
	PAGES = {80--87},
	CROSSREF = {TIME96}
)

@INPROCEEDINGS(BoddySOAR-92,
	AUTHOR = BODDY # { and Jim Carciofini and George Hadden},
	TITLE = "Scheduling with Partial Orders and a Causal Model",
	BOOKTITLE = {Proceedings of the Space Applications and Research Workshop},
	YEAR = {1992},
	ADDRESS = {Johnson Space Flight Center},
	MONTH = aug
)

@UNPUBLISHED{PeknyZentner,
	AUTHOR = {Joseph F. Pekny and Michael G. Zentner},
	TITLE = {Learning to Solve Process Scheduling Problems:
		 The Role of Rigorous Knowledge Acquisition
		 Frameworks},
	NOTE = {Research note with no date}
}

@UNPUBLISHED{ZentnerETAL,
	AUTHOR = {Michael G. Zentner and Joseph F. Pekny and 
		  G.V. Reklaitis and D.L. Miller},
	TITLE = {Practical Considerations for Chemical 
		 Business Planning and Batch/Semicontinuous
		 Process Scheduling},
	NOTE = {Research note with no date}
}


@UNPUBLISHED{GopalBiegler:98,
	AUTHOR = {Vipin Gopal and Lorenz T. Biegler},
	TITLE = {Large Scale Inequality Constrained Optimization
		 and Control: Some Recent Advances},
	NOTE = {Submitted to {\it IEEE Control Systems}},
	YEAR = {1998}
}

@inproceedings{CestaOddi:96,
	title = {Gaining Efficiency and Flexibility in the 
		 Simple Temporal Problem},
	year = {1996},
	author = {Amedeo Cesta and Angelo Oddi},
	editor = {L. Chittaro and S. Goodwin and H. Hamilton and A.Montanari},
	booktitle = {Proceedings of the Third International Workshop on 
		     Temporal Representation and Reasoning (TIME-96)},
	publisher = {IEEE Computer Society Press},
	ANNOTE = {Describes a system similar to our own ICE.}
}

@ARTICLE{DockxBoeckMeert:97,
	AUTHOR = {Kris Dockx and Yvan De Boeck and K\"{u}rt Meert},
	TITLE = {Interactive Scheduling in the chemical process
		 industry},
	JOURNAL = {Computers and Chemical Engineering},
	YEAR = {1997},
	VOLUME = {21},
	NUMBER = {9},
	PAGES = {925--945}
}

@INPROCEEDINGS{CaseauLaburthe:94,
	AUTHOR = {Yves Caseau and Fran\,cois Laburthe},
	TITLE = "Improved CLP Scheduling with Task Intervals",
	PAGES = {369-383},
	CROSSREF = {ICLP94}
}



@inproceedings{DBLP:conf/aips/PolicellaSCO04,
  author    = {Nicola Policella and
               Stephen F. Smith and
               Amedeo Cesta and
               Angelo Oddi},
  title     = {Generating Robust Schedules through Temporal Flexibility},
  booktitle = {ICAPS},
  year      = {2004},
  pages     = {209-218},
  crossref  = {ICAPS-04},
  bibsource = {DBLP, http://dblp.uni-trier.de}
}