@InProceedings{horrocks03:3theses_repres_seman_web,
  author =       {Ian Horrocks and Peter F. Patel-Schneider},
  title =        {Three Theses of Representation on the Semantic Web},
  booktitle = {WWW2003},
  year =      2003,
  location =     {Budapest, Hungary}}

@Misc{brickley02:striped,
  author =	"Dan Brickley and R. V. {Guha (Eds)}",
  title =	"{RDF}: Understanding the Striped RDF/XML Syntax",
  year = 	2002,
  month =	aug,
  howpublished = "W3C web page",
  url =          {http://www.w3.org/2001/10/stripes/},
}

@Article{McDermott:2002:RDQ,
  author =	"Drew McDermott and Dejing Dou",
  title =	"Representing Disjunction and Quantifiers in {RDF}",
  journal =	"Lecture Notes in Computer Science",
  volume =	"2342",
  pages =	"250--??",
  year = 	"2002",
  CODEN =	"LNCSD9",
  ISSN = 	"0302-9743",
  bibdate =	"Tue Sep 10 19:09:41 MDT 2002",
  bibsource =	"http://link.springer-ny.com/link/service/series/0558/tocs/t2342.htm",
  URL =  	"http://link.springer-ny.com/link/service/series/0558/bibs/2342/23420250.htm;
		 http://link.springer-ny.com/link/service/series/0558/papers/2342/23420250.pdf",
  acknowledgement = "Nelson H. F. Beebe, Center for Scientific
		 Computing, University of Utah, Department of
		 Mathematics, 110 LCB, 155 S 1400 E RM 233, Salt Lake
		 City, UT 84112-0090, USA, Tel: +1 801 581 5254, FAX: +1
		 801 581 4148, e-mail: \path|beebe@math.utah.edu|,
		 \path|beebe@acm.org|, \path|beebe@computer.org|,
		 \path|beebe@ieee.org| (Internet), URL:
		 \path|http://www.math.utah.edu/~beebe/|",
}