@Article{cmiller:1999,
  author =	 CMILLER,
  title =	 {Bridging the Information Transfer Gap: Measuring
                  Goodness of Information Fit},
  journal =	 {Journal of Visual Languages and Computing},
  year =	 1999,
  volume =	 10,
  pages =	 {523--558}
}

