@INPROCEEDINGS{Grefenstette:92,
        AUTHOR = "G. Grefenstette and M. Hearst",
        TITLE = "A Knowledge-Poor Method for Refining
                Automatically-Discovered Lexical Relations:
                Combining Weak Techniques for Stronger Results",
        BOOKTITLE = "AAAI Workshop on Statistically-Based NLP Techniques",
        PUBLISHER =  "Tenth National Conference on Artificial Intelligence",
        MONTH = "July",
        YEAR = 1992
        }

@INPROCEEDINGS{Grefenstette:92a,
        AUTHOR = "G. Grefenstette",
        TITLE = "Finding Semantic Similarity in
		Raw Text: the Deese Antonyms",
        BOOKTITLE = "Fall Symposium on Probability and Natural Language",
        PUBLISHER =  "AAAI",
        MONTH = "October 23-25",
        YEAR = 1992
        }

@TECHREPORT{Grefenstette:92b,
        AUTHOR = "G. Grefenstette" ,
        TITLE  = "{SEXTANT:} Extracting Semantics from Raw 
		Text, Implementation Details",
        INSTITUTION = "University of Pittsburgh,
                        Computer Science Dept.",
        YEAR = "1992",
        MONTH = "February",
        NUMBER = "CS92-05",
	NOTE = "To appear in Heuristics, The Journal of Knowledge Engineering,
		Special Issue on Extraction of Information from Text",
        ANNOTE = "" }


@INPROCEEDINGS{Grefenstette:92c,
        AUTHOR = "G. Grefenstette" ,
        TITLE  = "Use of Syntactic Context to Produce Term
		Association Lists for Text Retrieval",
        ORGANIZATION = "ACM",
	BOOKTITLE = "Proceedings of SIGIR'92",
        YEAR = "1992",
        MONTH = "June 21-24",
        ADDRESS = "Copenhagen, Denmark",
        ANNOTE = "" }



@INPROCEEDINGS{Grefenstette:92d,
        AUTHOR = "G. Grefenstette",
        TITLE = "SEXTANT: Exploring Unexplored Contexts for Semantic 
		Extraction from Syntactic Analysis",
        BOOKTITLE = "30th Annual Meeting of the Association for
		Computational Linguistics",
        PUBLISHER = "ACL'92",
        ADDRESS = "Newark, Delaware",
        MONTH = "28 June -- 2 July",
        YEAR = 1992
        }

@inproceedings{brent91a,
	author		= "Michael R. Brent",
	title		= "Automatic Acquisition of Subcategorization
				Frames from Untagged, Free-Text
				Corpora",
	booktitle	= "Proceedings of the 29th Annual Meeting of the
			   Association for Computational Linguistics",
	year		= 1991
}

	
@inproceedings{yarowsky92,
	author		= "David Yarowsky",
	title		= "Word-Sense Disambiguation Using Statistical
				models of Roget's Thesaurus 
				Categories Trained on a large Corpus",
	booktitle	= "Proceedings {COLING} '92",
	year		= 1992
}



@INPROCEEDINGS{lewis90,
	AUTHOR = "D. D. Lewis and W. B. Croft",
	TITLE = "Term Clustering of Syntactic Phrases",
	BOOKTITLE = "13th International Conference on Research
                        and Development in Information Retrieval" ,
        EDITOR = "J.L Vidick",
        PUBLISHER = "Association for Computing Machinery",
        ORGANIZATON = "SIGIR'90" ,
        YEAR = "1990",
        ADDRESS = "New York",
        PAGES = "385--404",
        MONTH  = "September 5-7"
        }

@INPROCEEDINGS{jacobs,
        AUTHOR = "P. S. Jacobs and U. Zernick",
        TITLE = "Acquiring lexical knowledge from text: A case study",
        BOOKTITLE = "Proceedings of the Seventh National 
                Conference on Artificial Intelligence",
        PUBLISHER = "Morgan Kaufmann",
        ADDRESS = "St. Paul, MN",
	PAGES = "739--744",
        YEAR = 1988
        }




@ARTICLE{SPIRIT,
	AUTHOR = "F. Debili and C. Fluhr and P. Radasao",
	TITLE = "About Reformulation in Full-Text IRS",
	JOURNAL = "Information Processing and Management",
	VOLUME = 25,
	YEAR = 1989,
	PAGES = "647--657"
	}
	
@ARTICLE{crouch,
	TITLE = "An Approach to the Automatic Construction
		of Global Thesauri",
	AUTHOR = "C. J. Crouch",
	JOURNAL = "Information Processing and Management",
        YEAR = 1990,
        VOLUME = 26,
        NUMBER = 5,
        PAGES  = "629--640"
	}

	
@BOOK{longman,
	EDITOR = "P. Proctor",
	TITLE = "Longman Dictionary of
		Contemporary English",
	YEAR = "1978",
	ADDRESS = "London",
	PUBLISHER = "Longman",
	ANNOTE = "Machine readable dictionary,  using restricted
		vocabulary, and standardized entry structures"
	}


@TECHREPORT{claritproject,
	AUTHOR = "David A. Evans and  Steve K. Henderson and  Robert G.
		Lefferts and Ira A. Monarch",
	TITLE = "A Summary of the {CLARIT} project",
	MONTH = "November",
	YEAR = 1991,
	NUMBER = "CMU-LCL-91-2",
	INSTITUTION = "Laboratory for Computational Linguistics,
		Carnegie-Mellon University",
	ANNOTE = "presentation of pertinent noun-phrase
		extraction from a corpus, and use in indexing
		and retrieval. A fuzzy matching between noun-phrases
		avoids drawbacks of previous noun-phrase systems"
	}

@ARTICLE{peat,
        AUTHOR = "Helen J. Peat and Peter Willet",
        TITLE  = "The limitations of term co-occurrence data for
		query expansion in document retrieval systems",
        JOURNAL = "Journal of the American Society for Information
			Science",
        YEAR = 1991,
        VOLUME = "42",
	NUMBER = 5,
        PAGES  = "378--383",
        ANNOTE = "" }



@INPROCEEDINGS{choueka,
        AUTHOR = "Yaacov Choueka",
        BOOKTITLE = "RIAO'88 Conference Proceedings" ,
        TITLE  = "Looking for a Needle in a Haystack, or
		Locating Interesting Collocational Expressions
		in Large textual Databases",
        YEAR = "1988",
        ADDRESS = "MIT,Cambridge,Mass",
        MONTH  = "Mar",
	PAGES = "609--623",
        ANNOTE = "" }

@INPROCEEDINGS{evans,
        AUTHOR = "David A. Evans and K. Ginther-Webster and Mary Hart
		and R. G. Lefferts and Ira A. Monarch",
        TITLE = "Automatic Indexing Using Selective {NLP}
		and First-Order Thesauri",
        PAGES = "624--643",
	ADDRESS = "Barcelona",
        BOOKTITLE = "RIAO'91",
        PUBLISHER = "CID, Paris",
        MONTH = "April 2--5",
        YEAR = 1991
        }


@INPROCEEDINGS{ruge,
        AUTHOR = "Gerda Ruge",
        TITLE = "Experiments on Linguistically Based Term Associations",
        PAGES = "528--545",
        BOOKTITLE = "RIAO'91",
	ADDRESS = "Barcelona",
        PUBLISHER = "CID, Paris",
        MONTH = "April 2--5",
        YEAR = 1991
        }

@INCOLLECTION{krovetz,
        AUTHOR = "R. Krovetz",
        TITLE = "Lexical Acquisition and information retrieval",
        BOOKTITLE = "Lexical Acquisition: exploiting on-line resources
		to build a lexicon",
        PAGES = "45--65",
        EDITOR = "U. Zernik",
        YEAR = "1991",
        PUBLISHER = "Lawrence Erlbaum Associates",
        ADDRESS = "Hillsdale, New Jersey"
        }



@ARTICLE{charlesmiller,
        AUTHOR = "Walter G. Charles and George A. Miller",
        TITLE  = "Contexts of antonymous adjectives",
        JOURNAL = "Applied Psycholinguistics",
	VOLUME = "10",
	NUMBER = "3",
	PAGES = "357--375",
	YEAR = "1989",
	ANNOTE = "Found that antonyms don't have same contexts
		when not in same sentence"
	}

@ARTICLE{lewis67,
        AUTHOR = "P. A. W. Lewis and P. B. Baxendale and J. L. Bennet",
        TITLE  = "Statistical Discrimination of the Synonymy/Antonymy
			Relationship between Words",
        JOURNAL = "Journal of the ACM",
        YEAR = "1967",
        VOLUME = "14",
        NUMBER = "1",
        PAGES  = "20--44",
        MONTH  = "January",
        ANNOTE = "" }


@ARTICLE{deese,
        AUTHOR = "J. E. Deese",
        TITLE  = "The associative structure of 
                  some common English adjectives",
        JOURNAL = "Journal of Verbal 
	         Learning and Verbal Behavior",
        VOLUME = 3,
	NUMBER = 5,
        PAGES = "347--357",
        YEAR = 1954,
	ANNOTE = "Tests response times 	 on common antonyms	"
        }



@ARTICLE{deerwester,
        AUTHOR = "Scott Deerwester and Susan T. Dumais and George W.
	Furnas and Tomas K. Landauer and Richard Harshman ",
        TITLE  = "Indexing by latent semantic indexing",
        JOURNAL = "Journal of the American Society for Information
		Science",
        VOLUME = "41",
        NUMBER = "6",
        PAGES = "391--407",
	MONTH = "October",
        YEAR = "1990"
        }

@ARTICLE{morris,
        AUTHOR = "J. Morris and G. Hirst",
        TITLE  = "Lexical Cohesion as Computed by Thesaural
		Relations as an Indicator of the Structure",
        JOURNAL = "Computational Linguistics",
        VOLUME = "17",
        NUMBER = "1",
        MONTH = "March",
        YEAR = "1991",
        PAGES = "21--48",
        ANNOTE = ""
        }


@ARTICLE{justeson,
        AUTHOR = "John S. Justeson and Slava M. Katz",
        TITLE  = "Co-occurrences of Anonymous Adjectives
			and Their Contexts",
        JOURNAL = "Computational Linguistics",
        VOLUME = "17",
        NUMBER = "1",
	MONTH = "March",
	YEAR = "1991",
        PAGES = "1--19",
        ANNOTE = "Finds that antonyms occur frequently in
                same sentence"
        }



@ARTICLE{church,
        AUTHOR = "Kenneth Ward Church and Patrick Hanks",
        TITLE  = "Word Association Norms,  Mutual Information,
		and Lexicography",
        JOURNAL = "Computational Linguistics",
        VOLUME = "16",
        NUMBER = "1",
        MONTH = "March",
        YEAR = "1990",
        PAGES = "22--29"
        }



@inproceedings{calzolari90,
	author	  = "Nicoletta Calzolari and Remo Bindi",
	title	  = "Acquisition of Lexical Information from a Large
			Textual Italian Corpus",
	booktitle = "Proceedings of the Thirteenth International 
			Conference on Computational Linguistics",
	address	  = "Helsinki",
	year	  = 1990,
}

@BOOK{phillips85,
	AUTHOR = "Martin Phillips",
	TITLE = "Aspects of Text Structure: An investigation of the
        lexical organization of text",
	PUBLISHER = "Elsevier",
	ADDRESS = "Amsterdam",
	YEAR = "1985"
	}

@ARTICLE{hersh,
        AUTHOR = "W. R. Hersh and D. A. Evans and I. A. monarch and 
		R. G. Lefferts and S. K. Handerson and P. N. Gorman",
        TITLE = "Indexing Effectiveness of Linguistic and Non-Linguistic
		Approaches to Automated indexing",
        JOURNAL = "Unpublished manuscript",
        YEAR = "1991",
        ADDRESS = "Laboratory for Computational Linguistics,
                Carnegie-Mellon University",

        }


@INCOLLECTION{hearst92,
        AUTHOR          = "Marti A. Hearst",
        TITLE           = "Automatic Acquisition of Hyponyms from
                                Large Text Corpora",
        BOOKTITLE       =  "Proceedings of the Fourteenth International
                        Conference on Computational Linguistics",
        PUBLISHER       = "COLING'92",
        ADDRESS         = "Nantes, France",
        MONTH           = "July",
        YEAR		= 1992
}

@INCOLLECTION{vossen,
        AUTHOR = "P. Vossen and W. Meijs and M. {den Broeder}",
        BOOKTITLE = "Computational Lexicography for
                        Natural Language Processing",
        EDITOR = "Bran Boguraev and Ted Briscoe",
        TITLE  = "Meaning and Structure in Dictionary Definitions",
        PUBLISHER =  "Longman Group UK Limited",
        YEAR = "1989",
        ADDRESS = "London",
        PAGES = "171--190"
        }
@incollection{wilks92,
	author		= "Yorick Wilks and Louise Guthrie and
				Joe Guthrie and Jim Cowie",
	title		= "Combining Weak Methods in Large-Scale
				Text Processing",
	booktitle	= "Text-Based Intelligent Systems: Current
				Research and Practice in
			   Information Extraction and Retrieval",
	editor		= "Paul S. Jacobs",
	publisher	= "Lawrence Erlbaum Associates",
	pages		= "35-58",
	year		= 1992
}	

	
@BOOK{blois,
	AUTHOR = "Marsden S. Blois",
	TITLE = "Information and Medicine",
	PUBLISHER = " University of California Press",
	YEAR = "1984",
	ADDRESS = "Berkeley, CA"
	}

@PHDTHESIS{debili,
        AUTHOR = "Fathi Debili",
        TITLE = "Analyse Syntaxico-Semantique Fondee sur une Acquisition
Automatique de Relations Lexicales-Semantiques",
        SCHOOL = "University of Paris XI, France",
        YEAR = "1982",
        ANNOTE = ""
        }

@BOOK{ksj64,
	AUTHOR = "Karen {Sparck Jones}",
	TITLE = "Synonymy and Semantic Classification",
	PUBLISHER = "Edinburgh University Press",
	ADDRESS = "Edinburgh",
	NOTE = " PhD thesis delivered by University of Cambridge in 1964",
	YEAR = "1986",
	ANNOTE = ""
	}

@BOOK{ksj71,
        AUTHOR = "Karen {Sparck Jones}",
        TITLE = "Automatic Keyword Classification and
		Information Retrieval",
        PUBLISHER = "Butterworths",
        ADDRESS = "London",
        YEAR = 1971,
        ANNOTE = ""
        }

@ARTICLE{ksj91,
        AUTHOR = "Karen {Sparck Jones}",
        TITLE = "Notes and References on Early Automatic 
		Classification Work",
	JOURNAL = "{SIGIR} Forum",
	MONTH = "Spring",
	VOLUME = 25,
	NUMBER = 1,
	YEAR = 1991,
	PAGES = "10--17"

@INPROCEEDINGS{hindle-acl,
        AUTHOR = "D. Hindle",
        TITLE = "Noun Classification from Predicate-Argument Structures",
        BOOKTITLE  = "Proceedings of the 28th Annual Meeting of the
			Association for Computational Linguistics",
        PUBLISHER = "ACL",
	PAGES = "268--275",
	ADDRESS = "Pittsburgh",
        YEAR = "1990"
        }



@inproceedings{smadja90,
	author		= "Frank A. Smadja and Kathleen R. McKeown",
	title		= "Automatically Extracting and Representing
			Collocations for Language Generation",
	booktitle	= "Proceedings of the 28th Annual Meeting of the
			Association for Computational Linguistics",
	pages		= "252-259",
	year		= 1990
}


@book{kelly75,
	author		= "Edward Kelly and Philip Stone",
	title		= "Computer recognition of english word senses",
	series		= "North-Holland Linguistics Series",
	volume		= 13,
	publisher	= "North-Holland",
	address		= "Amsterdam",
	year		= 1975
}
