File /cs3/rpg/refs/stories.bib last modified on Wed Jan 27 18:20:19 1993.


@INCOLLECTION{Rumelhart:schemas,
	AUTHOR = {D.E. Rumelhart},
	TITLE = "Notes on a schema for stories",
	BOOKTITLE = {Representation and understanding: Studies in 
		     Cognitive Science},
	PUBLISHER = {Academic Press},
	YEAR = {1975},
	EDITOR = {D. G. Bobrow and A. Collins},
	ADDRESS = {New York}
}

@ARTICLE{Thorndyke:77,
	AUTHOR = {P. Thorndyke},
	TITLE = {Cognitive structures in comprehension and memory of
     narrative discourse},
	JOURNAL = {Cognitive Psychology},
	YEAR = {1977},
	VOLUME = {9},
	PAGES = {77--110}
}

@ARTICLE{Mandler:77,
	AUTHOR = {J. M. Mandler and N.S. Johnson},
	TITLE = {Remembrance of things parsed: Story
     structure and recall},
	JOURNAL = {Cognitive Psychology},
	YEAR = {1977},
	VOLUME = {9},
	PAGES = {111--151}
}

@ARTICLE{Black:79,
	AUTHOR = {J.B. Black and Robert Wilensky},
	TITLE = "An evaluation of story grammars",
	JOURNAL = COGSCI,
	YEAR = {1979},
	VOLUME = {3},
	NUMBER = {3},
	PAGES = {213--230}
}

@INPROCEEDINGS{Lebowitz:85,
	AUTHOR = {Michael Lebowitz},
	TITLE = "Story telling and generalization",
	BOOKTITLE = COGSCI-85,
	YEAR = {1985},
	PAGES = {100--109},
	ADDRESS = {Irvine, CA},
	MONTH = "August"
}

@INPROCEEDINGS{Turner:85,
	AUTHOR = {Scott R. Turner and Michael G. Dyer},
	TITLE = {Thematic Knowledge, Episodic Memory and Analogy
		 in MINSTREL, a Story Invention System},
	BOOKTITLE = COGSCI-85,
	YEAR = {1985},
	PAGES = {371--375},
	ADDRESS = {Irvine, CA},
	MONTH = "August"
}

@incollection(Wilensky:82,
	author =	{Robert Wilensky},
	title =		{Points: A Theory of the Structure
			 of Stories in Memory},
	crossref = "Strategies4NLP",
	pages = 	{345--374}			 
)

@BOOK{Bartlett,
	AUTHOR = {F. C. Bartlett},
	TITLE = "Remembering",
	PUBLISHER = {Cambridge University Press},
	YEAR = {1932}
}

@ARTICLE{Colby:73,
	AUTHOR = {B. N. Colby},
	TITLE = "A Partial Grammar of Eskimo folktales",
	JOURNAL = {American Anthropologist},
	YEAR = {1973},
	VOLUME = {75},
	PAGES = {645--662}
}

@INCOLLECTION{Rumelhart:more-schemas,
	AUTHOR = {D.~E. Rumelhart},
	TITLE = "Understanding and Summarizing brief stories",
	BOOKTITLE = {Basic processes in reading},
	PUBLISHER = ERLBAUM,
	YEAR = {???},
	EDITOR = {D. LaBerge and S.J. Samuels},
	ADDRESS = ERLBAUM-ADDRESS
}

@BOOK{Propp,
	AUTHOR = {Vladimir Propp},
	TITLE = "Morphology of the Folktale",
	PUBLISHER = {University of Texas Press},
	YEAR = {1968},
	EDITION = {Second Edition}
}


@incollection(Stein:79,
     author =    "Nancy L. Stein and Christine G. Glenn",
     title =     {An Analysis of Story Comprehension in Elementary School
Children},
     crossref =  {DiscourseProcessing},
     pages =     {53--120}
     )

@incollection(Schank:75,
     author =    {Roger C. Schank},
     title =     "The Structure of Episodes in Memory",
     crossref =  {Rep-and-understanding},
     pages =     {237--272}
     )

@inproceedings(Dehn:81,
    author =    {N. Dehn},
    title =     "Memory in Story Invention",
    booktitle = {Proceedings of the Third Annual Conference of the 
		 Cognitive Science Society},
    year =      {1981},
    pages =     {213--215},
    address =   {Berkeley, California}
    )


@article(Bower:76,
     author =    {Gordon H. Bower},
     title =     "Experiments on Story Understanding and Recall",
     journal =   {Quarterly Journal of Experimental Psychology},
     year =      {1976},
     volume =    {28},
     pages =     {511--534}
     )


@book(Polti:21,
     title =     "The Thirty-Six Dramatic Situations",
     author =    {Georges Polti},
     publisher = {James Knapp Reeve},
     address =   {Franklin, Ohio},
     year =      {1921}
     )

@BOOK{Grimm1,
	AUTHOR = {J. L. K. Grimm},
	TITLE = "Grimm's Fairy Tales",
	PUBLISHER = {The Scholar Press},
	YEAR = {1977},
	VOLUME = {I},
	ADDRESS = {London},
	NOTE = {Edgar Taylor, translator}
}

@ARTICLE{Okada:92,
	AUTHOR = {Naoyuki Okada and Tsutomu Endo},
	TITLE = "Story Generation based on Dynamics of Mind",
	JOURNAL = CI,
	YEAR = {1992},
	VOLUME = {8},
	NUMBER = {1},
	PAGES = {123--160}
}

@ARTICLE{Andersen:90,
	AUTHOR = {Sandy Andersen and Brian M. Slator},
	TITLE = "Requiem for a theory: the `story grammar' story",
	JOURNAL = JETAI,
	YEAR = {1990},
	VOLUME = {2},
	PAGES = {253--275}
}

     year =      {1980},
     volume =    {9},
     pages =     {223--250}
     )

@article(Garnham:83,
	AUTHOR = {A. Garnham},
	TITLE = "What's wrong with story grammars?",
	JOURNAL = {Cognition},
	YEAR = {1983},
	VOLUME = {15},
	PAGES = {145--154}
	)

@techreport(rpg:93,
	AUTHOR = {Robert P. Goldman and R. Raymond Lang},
	TITLE = "Intentions in Time",
	INSTITUTION = {Tulane University},
	YEAR = {1993},
	NUMBER = {TUTR 93-101}
	)




