	

Organizations
-------------

@string{AAAI		= "American Association for Artificial Intelligence"}
@string{ACL			= "Association for Computational Linguistics"}
@string{CSS			= "Cognitive Science Society"} 
@string{IEEE		= "IEEE"}
@string{CSLI		= "Center for the Study of Language and Information"}
@string{CSCSI		= "Canadian Society for Computational Studies of Intelligence"}
@STRING{SRI 		= "SRI International"}


Schools and Institutions
------------------------

@STRING{AAII 		= "Australian AI Institute"}

@string{UMassCIS 	= "Department of Computer and Information Science, 
					   	University of Massachusetts at Amherst"} 
@string{CMURI 		= "Carnegie-Mellon University Robotics Institute"}
@string{CMUSCS 		= "School of Computer Science, 
			   Carnegie Mellon University"}
@string{MITAI 		= "Massachusetts Institute of Technology
						Artificial Intelligence Laboratory"}
@string{MITLCS 		= "Massachusetts Institute of Technology
					Laboratory for Computer Science"}
@string{UICS		= "Department of Computer Science,
						University of Illinois at Urbana-Champaign"}
@string{EPFL		= "Ecole Polytechnique Federale de Lausanne"}
@string{AALBORG		= "Institute for Electronic Systems, Department of 
				Mathematics and Computer Science, 
				University of Aalborg"}
@string{PARC		= "Xerox Palo Alto Research Center"}
@string{UDUB		= "Department of Computer Science and Engineering,
			   University of Washington"}
@string{ICSI		= "International Computer Science Institute"}
@STRING{KSL 		= "Knowledge Systems Laboratory,
			   Stanford University"}
@STRING{HTC 		= "Honeywell Technology Center"}



Addresses
---------
@string{SRI-ADDRESS	= "Menlo Park, CA"}
@string{AALBORG-ADDRESS = "Aalborg, DENMARK"}
@string{UDUB-ADDRESS = 	"Seattle, WA"}
@STRING{STANFORD-ADDRESS 	= "Stanford, California"}
@STRING{CMU-ADDRESS 	= "Pittsburgh, PA"}
@STRING{HTC-ADDRESS	= "Minneapolis, MN"}

Journals
-----------
@string{SIAMJC		= "SIAM Journal of Computing"}
@string{IJAR		= "International Journal of Approximate
			   Reasoning"}
@string{CACM		= "Communications of the ACM"}
@STRING{ACMCS 		= "ACM Computing Surveys"}

@string{AIJ			= "Artificial Intelligence"}
@string{CL		= "Computational Linguistics"}
@string{PAMI = "IEEE Transactions on Pattern Analysis and 
		Machine Intelligence"}
@string{IT = "IEEE Transactions on Information Theory"}
@string{TSWE = "IEEE Transactions on Software Engineering"}
@string{KDE = "IEEE Transactions on Knowledge and Data Engineering"}
@string{SMC = "IEEE Transactions on Systems, Man and Cybernetics"}
@string{IEEECAD = "IEEE Transactions on Computer-Aided Design of
		   Integrated Circuits and Systems"}
@string{TCOMPUTERS = "IEEE Transactions on  Computers"}
@string{TCONTROL = "IEEE Transactions on Automatic Control"}
@string{COMPUTER = "IEEE Computer"}
@string{EXPERT = "IEEE Expert"}
@string{COGSCI		= "Cognitive Science"}	       
@string{JRRS		= "Journal of the Royal Statistical Society"}
@string{BSTJ 		= "The Bell System Technical Journal"}
@string{CI		= "Computational Intelligence"}
@string{ML		= "Machine Learning"}
@string{JETAI		= "Journal of Experimental and Theoretical 
			   Artificial Intelligence"}			   
@string{ETAI            = "Electronic Transactions on Artificial Intelligence"}
@string{ACMTDS		= "ACM Transactions on Database Systems"}
@string{SIGARTB		= "SIGART Bulletin"}
@STRING{IJIS 		= "International Journal of Intelligent
			   Systems"}
@STRING{JAIR 		= "Journal of Artificial Intelligence Research"}
@STRING{SciAm		= "Scientific American"}
@STRING{ASME-BE 	= "Transactions of the ASME (Series D), 
			   Journal of Basic Engineering"}
@STRING{IJMMS 		= "International Journal of Man-Machine Studies"}
% I don't know what the following means...			   
@STRING{IECR		= "Ind. Eng. Chem. Res."}
@STRING{CCE 		= "Computers and Chemical Engineering"}
@STRING{EJOR		= "European Journal of Operational Research"}
@STRING{AOR		= "Annals of Operations Research"}
@STRING{AIM		= "AI Magazine"}
@STRING{AMAI 		= "Annals of Mathematics and Artificial Intelligence"}
@STRING{JLC 		= "Journal of Logic and Computation"}
@STRING{SCP 		= "Science of Computer Programming"}
@STRING{DKE 		= "Data and Knowledge Engineering"}
@STRING{MS 		= "Management Science"}
@STRING{JORS 		= "Journal of the Operational Research Society"}
@STRING{NGC 		= "New Generation Computing"}
@STRING{NN 		= "Neural Networks"}

			   

			   


	




 

Conference proceedings titles
-----------------------------
@String{HSCC            = {Hybrid Systems: Computation and Control}}
@string{KR		= "Principles of Knowledge Representation and
			   Reasoning:" }
@string{AIPS		= "Artificial Intelligence Planning Systems:"}
@string{KR-91		= KR # "Proceedings of the Second International
				Conference" }
@string{KR-92		= KR # "Proceedings of the Third International
				Conference" }
@string{KR-94		= KR # "Proceedings of the Fourth International
				Conference" }
@string{KR-96		= KR # "Proceedings of the Fifth International
				Conference" }
@string{KR-2006		= KR # "Proceedings of the Tenth International
				Conference" }

@string{UAI		= "Uncertainty in Artificial Intelligence,"}
@string{UAI-93		= UAI # "Proceedings of the Ninth Conference"}
@string{UAI-94		= UAI # "Proceedings of the Tenth Conference"}
@string{UAI-95		= UAI # "Proceedings of the Eleventh Conference"}
@string{UAI-96		= UAI # "Proceedings of the Twelfth Conference"}
@string{UAI-98		= UAI # "Proceedings of the Fourteenth Conference"}
@string{UAI-99		= UAI # "Proceedings of the Fifteenth Conference"}
@string{UAI-00		= UAI # "Proceedings of the Sixteenth Conference"}
@string{UAI-01		= UAI # "Proceedings of the Seventeenth Conference"}
@string{UAI-02		= UAI # "Proceedings of the Eighteenth Conference"}


@String{PAAAI = {Proceedings of {AAAI} Conference}}
@string{AAAI-82 	= "Proceedings of the First National Conference 
						on Artificial Intelligence"}
@string{AAAI-83 	= "Proceedings of the Second National Conference 
						on Artificial Intelligence"}
@string{AAAI-86 	= "Proceedings of the Fifth National Conference 
						on Artificial Intelligence"}
@string{AAAI-87 	= "Proceedings of the Sixth National Conference 
						on Artificial Intelligence"}
@string{AAAI-88 	= "Proceedings of the Seventh National Conference 
						on Artificial Intelligence"}
@string{AAAI-90 	= "Proceedings of the Eighth National Conference 
						on Artificial Intelligence"}
@string{AAAI-91 	= "Proceedings of the Ninth National Conference 
						on Artificial Intelligence"}
@string{AAAI-92 	= "Proceedings of the Tenth National Conference 
						on Artificial Intelligence"}
@string{AAAI-93 	= "Proceedings of the Eleventh National Conference 
						on Artificial Intelligence"}
@string{AAAI-94 	= "Proceedings of the Twelfth National Conference 
						on Artificial Intelligence"}
@string{AAAI-96 	= "Proceedings of the Thirteenth National Conference 
						on Artificial Intelligence"}
@string{AAAI-97 	= "Proceedings of the Fourteenth National Conference 
						on Artificial Intelligence"}
@string{AAAI-98 	= "Proceedings of the Fifteenth National Conference 
						on Artificial Intelligence"}
@string{AAAI-99 	= "Proceedings of the Sixteenth National Conference 
						on Artificial Intelligence"}
@string{AAAI-2000 	= "Proceedings of the Seventeenth National Conference 
						on Artificial Intelligence"}

@String{AAAI-2004       = {Proceedings of the Nineteenth National 
                           Conference on Artificial Intelligence}}
@string{AIPS-92		= AIPS # "Proceedings of the First International 
					Conference"}
@string{AIPS-94		= AIPS # "Proceedings of the Second International 
					Conference"}
@string{AIPS-96		= AIPS # "Proceedings of the Third International 
					Conference"}
@STRING{AIPS-98 	= "Proceedings of the Fourth International Conference
on Artificial Intelligence Planning Systems"}
@STRING{AIPS-00 	= "Proceedings of the Fifth International Conference
on Artificial Intelligence Planning Systems"}

@String{ICAPS = {International Conference on Automated Planning and Scheduling}}
@String{PICAPS = {Proceedings of the } # ICAPS}
@string{IJCAI 	= "Proceedings of the International Joint Conference on Artificial Intelligence"}


@string{ACL-84		= "Proceedings of the 22nd Annual Meeting of the ACL"}
@string{ACL-85		= "Proceedings of the 23rd Annual Meeting of the ACL"}
@string{ACL-86		= "Proceedings of the 24th Annual Meeting of the ACL"}
@string{ACL-87		= "Proceedings of the 25th Annual Meeting of the ACL"}
@string{ACL-88		= "Proceedings of the 26th Annual Meeting of the ACL"}
@string{COGSCI-84 	= "Proceedings of the Sixth Annual 
						Cognitive Science Society Conference"}
@string{COGSCI-85 	= "Proceedings of the Seventh Annual 
						Cognitive Science Society Conference"}
@string{COGSCI-86 	= "Proceedings of the Eighth Annual 
						Cognitive Science Society Conference"}
@string{COGSCI-87 	= "Proceedings of the Ninth Annual 
						Cognitive Science Society Conference"}
@string{FOCS-87		= "Proceedings of the 28th Symposium on the 
						Foundations of Computer Science"}
@string{ICNN-87		= "Proceedings of the IEEE First International 
						Conference on Neural Networks"}
@string{IJCAI-75 	= "Proceedings of the 1st International Joint 
				Conference on Artificial Intelligence"}
@string{IJCAI-77 	= "Proceedings of the 2nd International Joint 
				Conference on Artificial Intelligence"}
@string{IJCAI-81 	= "Proceedings of the 4th International Joint 
				Conference on Artificial Intelligence"}
@string{IJCAI-83 	= "Proceedings of the 6th International Joint
				Conference on Artificial Intelligence"}
@string{IJCAI-85 	= "Proceedings of the 8th International Joint
						Conference 	on Artificial Intelligence"}
@string{IJCAI-86 	= "Proceedings of the 9th International Joint
						Conference on Artificial Intelligence"}
@string{IJCAI-87 	= "Proceedings of the 10th International Joint
						Conference on Artificial Intelligence"}
@string{IJCAI-89 	= "Proceedings of the 11th International Joint
						Conference on Artificial Intelligence"}
@string{IJCAI-91 	= "Proceedings of the 12th International Joint
						Conference on Artificial Intelligence"}
@string{IJCAI-93 	= "Proceedings of the 13th International Joint
						Conference on Artificial Intelligence"}
@string{IJCAI-95 	= "Proceedings of the 14th International Joint
			   Conference on Artificial Intelligence"}
@string{IJCAI-97 	= "Proceedings of the 15th International Joint
			   Conference on Artificial Intelligence"}

@string{IJCAI-99 	= "Proceedings of the 16th International Joint
			   Conference on Artificial Intelligence"}

@string{IJCAI-01 	= "Proceedings of the 17th International Joint
			   Conference on Artificial Intelligence"}


@string{TINLAP-1 	= "Proceedings of the First Workshop on Theoretical 
						Issues in Natural Language Processing"}
@string{TINLAP-2 	= "Proceedings of the Second Workshop on Theoretical
						 Issues in Natural Language Processing"}
@string{TINLAP-3 	= "Proceedings of the Third Workshop on Theoretical
						Issues in Natural Language Processing"}
@string{WATERLOO-85 	= "Proceedings of the First Annual Conference 
							of the University of Waterloo Centre for the New
							Oxford English Dictionary: Information in Data"}
@string{WATERLOO-86 	= "Proceedings of the Second Annual Conference
							of the University of Waterloo Centre for the New
							Oxford English Dictionary: Advances in Lexicology"}
@string{WATERLOO-87 	= "Proceedings of the Third Annual Conference 
							of the University of Waterloo Centre for the New
							Oxford English Dictionary: The Uses of 
							Large Text Databases"}
@string{UNC = "Proceedings of the Workshop on Uncertainty and Probability in AI"}
@STRING{CIKM-94 		= "Proceedings of the Third International
				   Conference on Information and Knowledge
				   Management"}
@STRING{TIME 			= "International Workshop on Temporal 
				   Representation and Reasoning"}
@STRING{TIME-96 		= "Proceedings of the Third " # TIME}
@String{DISCEX                  = {{DARPA} Information Survivability Conference and Exposition}}





publishers and addresses
-----------------------------------------------
@string{KAUFMANN = "Morgan Kaufmann"}
@string{KAUFMANN-ADDRESS	= "Waltham, MA"}
@string{AAAI-PUB			= "Morgan Kaufmann Publishers, Inc."}
@string{AAAI-PUB-ADDRESS	= KAUFMANN-ADDRESS}
@string{ACL-PUB				= "Association for Computational Linguistics"}
@string{COG-SCI-PUB			= "Lawrence Erlbaum Associates"}
@string{COG-SCI-PUB-ADDRESS	= "Hillsdale, NJ"}
@string{IJCAI-PUB			= "Morgan Kaufmann Publishers, Inc."}
@string{IJCAI-PUB-ADDRESS	= "95 First Street, Los Altos, CA 94022"}
@string{IJCAI-ORG			= "American Association for Artificial 
								Intelligence"}
@string{WATERLOO-PUB		= "University of Waterloo"}
@string{WATERLOO-PUB-ADDRESS	= "Waterloo, Ontario, Canada, N2L 3G1"}
@string{WATERLOO-ORG		= "UW Centre for the New OED"}
@string{AIJ-PUB				= "North-Holland"}
@string{AIJ-PUB-ADDRESS		= "Amsterdam"}
@string{CSLI-ADDRESS		= "Stanford University, Stanford, California"}
@string{MITP			= "MIT Press"}
@string{MIT-ADDRESS		= "Cambridge, MA"}
@string{MITP-ADDRESS		= "Cambridge, MA"}
@string{LEA			= "Lawrence Erlbaum Associates"} 
@string{ERLBAUM			= "Lawrence Erlbaum Associates"}
@string{ERLBAUM-ADDRESS		= "Mahwah, NJ"}
@STRING{AW 			= "Addison-Wesley"}
@string{AW-ADDRESS		= "Reading, MA"}
@string{ELSEVIER		= "Elsevier Science Publishing Co.,Inc."}
@string{ELSEVIER-ADDRESS	= "New York, NY"}
@string{AAAI-PRESS		= "AAAI Press"}
@string{AAAI-PRESS-ADDRESS	= "Menlo Park, CA"}
@string{NEW-AAAI-PUB		= "AAAI Press/MIT Press"}
@string{NEW-AAAI-PUB-ADDRESS	= "Menlo Park, CA"}
@STRING{WILEY 			= "John Wiley and Sons, Inc."}
@STRING{KLUWER			= "Kluwer Academic Publishers"}
@STRING{SPRINGER 		= "Springer Verlag"}
@STRING{SPRINGER-ADDRESS	= "Berlin"}

series
----
@String{LNCS                    = {Lecture Notes in Computer Science}}


people
-----

Moved to names.bib...




