@techreport(Doyle:78,
	author =	{Jon Doyle},
	year =		{1978},
	institution =	{MIT Artificial Intelligence Laboratory},
	title =		{Truth Maintenance Systems for Problem Solving}
)

@article(Doyle:79,
	author =	{Jon Doyle},
	year =		{1979},
	journal =	{Artificial Intelligence},
	number =	{3},
	pages =		{231-272},
	title =		"A truth maintenance system",
	volume =	{12}
)

@techreport(McAllester:82,
	author =	{David McAllester},
	year =		{1982},
	institution =	{MIT Artificial Intelligence Laboratory},
	title =		{Reasoning Utility Package User's Manual, Version One}
)

@article(deKleer:86a,
	author =	{Johan deKleer},
	year =		{1986},
	journal =	{Artificial Intelligence},
	title =		"An assumption-based {TMS}",
	volume =	{28},
	pages = 	{127--162}
)

@article(deKleer:86b,
	author =	{Johan deKleer},
	year =		{1986},
	journal =	{Artificial Intelligence},
	title =		"Extending the ATMS",
	volume =	{28},
	pages = 	{163-196}
)

@article(deKleer:86c,
	author =	{Johan deKleer},
	year =		{1986},
	journal =	{Artificial Intelligence},
	title =		"Problem-solving with the ATMS",
	volume =	{28},
	pages = 	{197-224}
)


@article(deKleer:multiple-faults,
	author =	{Johan deKleer and B.C. Williams},
	year =		{1987},
	journal =	{Artificial Intelligence},
	number =	{1},
	pages =		{97-130},
	title =		"Diagnosing Multiple faults",
	volume =	{32}
)


@article(McDermott:83,
	author =	MCDERMOTT,
	year =		{1983},
  number = 	 {3},
  pages = 	 {237--246},
	journal =	{IEEE Transactions on Pattern Analysis and Machine Intelligence},
	title =		"Contexts and data dependencies: A synthesis",
	volume =	{PAMI-5}
)

@inproceedings(Martins:83,
	author =	{{Jo\~{a}o} P. Martins and Stuart C. Shapiro},
	year =		{1983},
	booktitle =	IJCAI-83,
	pages =		{370-373},
	title =		"Reasoning in Multiple Belief Spaces",
)

@article(Martins:88,
	author =	{{Jo\~{a}o} P. Martins and Stuart C. Shapiro},
	year =		{1988},
	journal =	{Artificial Intelligence},
	title =		"A Model for Belief Revision",
	volume =	{35},
	pages = 	{25-79}
)


@inproceedings(Laskey:88,
	author =	{Kathryn B. Laskey and Paul E. Lehner},
	year =		{1988},
	booktitle =	AAAI-88,
	pages =		{210-214},
	title =		{Belief Maintenance:  An integrated approach to uncertainty management}
)

@article(Laskey:89,
	author =	{Kathryn B. Laskey and Paul E. Lehner},
	year =		{1989},
	journal =	{Artificial Intelligence},
	title =		"Assumptions, Beliefs and Probabilities",
	volume =	{41},
	pages = 	{65-77}
)




%%%d'Ambrosio


@article(DAmbrosio:88a,
	author =	{Bruce D'Ambrosio},
	year =		{1988},
	journal =	{International Journal of Approximate Reasoning},
	title =		"A Hybrid approach to reasoning under uncertainty",
	volume =	{2},
	pages = 	{29-45}
)

@inproceedings(DAmbrosio:88b,
	author =	{Bruce D'Ambrosio},
	year =		{1988},
	booktitle =	{The Fourth Workshop on Uncertainty in Artificial Intelligence},
	pages =		{64-72},
	title =		{Process, structure and modularity in reasoning with uncertainty}
)


@techreport(DAmbrosio:89,
	author = 	{Bruce D'Ambrosio and Venkataprasad Kongara},
	address =	{Corvallis, OR, 97331},
	year =		{1989},
	institution =	{Oregon State University},
	title =		{Efficient Incremental Updating of probabilistic models}
)

