@INPROCEEDINGS{An.UAI92,
  AUTHOR  = "An, Z. and
             Bell, D. A. and
             Hughes, J. G.",
  TITLE   = "{RES}: A Relative Method for Evidential Reasoning",
  BOOKTITLE="Proceedings of the Eighth Annual Conference
             on Uncertainty in Artificial Intelligence (UAI--92)",
  PUBLISHER="Morgan Kaufmann Publishers",
  ADDRESS = "San Francisco, CA",
  YEAR    =  1992,
  PAGES   = "1--8"
}

@INPROCEEDINGS{Bouckaert.UAI92,
  AUTHOR  = "Bouckaert, R.",
  TITLE   = "Optimizing Causal Orderings for Generating {DAG}s from Data",
  BOOKTITLE="Proceedings of the Eighth Annual Conference
             on Uncertainty in Artificial Intelligence (UAI--92)",
  PUBLISHER="Morgan Kaufmann Publishers",
  ADDRESS = "San Francisco, CA",
  YEAR    =  1992,
  PAGES   = "9--16"
}

@INPROCEEDINGS{Boutilier.UAI92,
  AUTHOR  = "Boutilier, C.",
  TITLE   = "Modal Logics for Qualitative Possibility and Beliefs",
  BOOKTITLE="Proceedings of the Eighth Annual Conference
             on Uncertainty in Artificial Intelligence (UAI--92)",
  PUBLISHER="Morgan Kaufmann Publishers",
  ADDRESS = "San Francisco, CA",
  YEAR    =  1992,
  PAGES   = "17--24"
}

@INPROCEEDINGS{Chan.UAI92,
  AUTHOR  = "Chan, B. Y. and
             Shachter, R. D.",
  TITLE   = "Structural Controllability and Observability in Influence Diagrams",
  BOOKTITLE="Proceedings of the Eighth Annual Conference
             on Uncertainty in Artificial Intelligence (UAI--92)",
  PUBLISHER="Morgan Kaufmann Publishers",
  ADDRESS = "San Francisco, CA",
  YEAR    =  1992,
  PAGES   = "25--32"
}

@INPROCEEDINGS{Chatalic.UAI92,
  AUTHOR  = "Chatalic, P. and
             Froidevaux, C.",
  TITLE   = "Lattice-based Graded Logic: A Multimodal Approach",
  BOOKTITLE="Proceedings of the Eighth Annual Conference
             on Uncertainty in Artificial Intelligence (UAI--92)",
  PUBLISHER="Morgan Kaufmann Publishers",
  ADDRESS = "San Francisco, CA",
  YEAR    =  1992,
  PAGES   = "33--40"
}

@INPROCEEDINGS{Dagum.UAI92,
  AUTHOR  = "Dagum, P. and
             Galper, A. and
             Horvitz, E.",
  TITLE   = "Dynamic Network Models for Forecasting",
  BOOKTITLE="Proceedings of the Eighth Annual Conference
             on Uncertainty in Artificial Intelligence (UAI--92)",
  PUBLISHER="Morgan Kaufmann Publishers",
  ADDRESS = "San Francisco, CA",
  YEAR    =  1992,
  PAGES   = "41--48"
}

@INPROCEEDINGS{Dagum2.UAI92,
  AUTHOR  = "Dagum, P. and
             Horvitz, E.",
  TITLE   = "Reformulating Inference Problems Through Selective Conditioning",
  BOOKTITLE="Proceedings of the Eighth Annual Conference
             on Uncertainty in Artificial Intelligence (UAI--92)",
  PUBLISHER="Morgan Kaufmann Publishers",
  ADDRESS = "San Francisco, CA",
  YEAR    =  1992,
  PAGES   = "49--54"
}

@INPROCEEDINGS{Dalkey.UAI92,
  AUTHOR  = "Dalkey, N. C.",
  TITLE   = "Entropy and Belief Networks",
  BOOKTITLE="Proceedings of the Eighth Annual Conference
             on Uncertainty in Artificial Intelligence (UAI--92)",
  PUBLISHER="Morgan Kaufmann Publishers",
  ADDRESS = "San Francisco, CA",
  YEAR    =  1992,
  PAGES   = "55--58"
}

@INPROCEEDINGS{D'Ambrosio.UAI92,
  AUTHOR  = "D'Ambrosio, B. and
             Fountain, T.",
  TITLE   = "Parallelizing Probabilistic Inference: Some Early Explorations",
  BOOKTITLE="Proceedings of the Eighth Annual Conference
             on Uncertainty in Artificial Intelligence (UAI--92)",
  PUBLISHER="Morgan Kaufmann Publishers",
  ADDRESS = "San Francisco, CA",
  YEAR    =  1992,
  PAGES   = "59--66"
}

@INPROCEEDINGS{Darwiche.UAI92,
  AUTHOR  = "Darwiche, A. Y.",
  TITLE   = "Objection-based Causal Exception Networks",
  BOOKTITLE="Proceedings of the Eighth Annual Conference
             on Uncertainty in Artificial Intelligence (UAI--92)",
  PUBLISHER="Morgan Kaufmann Publishers",
  ADDRESS = "San Francisco, CA",
  YEAR    =  1992,
  PAGES   = "67--73"
}


@INPROCEEDINGS{Dubois.UAI92,
  AUTHOR  = "Dubois, D. and
             Prade, H.  and
             Godo, L. and
             de Màntaras",
  TITLE   = "A Symbolic Approach to Reasoning with Linguistic Quantifiers",
  BOOKTITLE="Proceedings of the Eighth Annual Conference
             on Uncertainty in Artificial Intelligence (UAI--92)",
  PUBLISHER="Morgan Kaufmann Publishers",
  ADDRESS = "San Francisco, CA",
  YEAR    =  1992,
  PAGES   = "74--82"
}

@INPROCEEDINGS{Monai.UAI92,
  AUTHOR  = "Monai, F. Fulvio and
             Chehire, T.",
  TITLE   = "Possibilistic Assumption based Truth Maintenance System, Validation in a Data Fusion
             Application",
  BOOKTITLE="Proceedings of the Eighth Annual Conference
             on Uncertainty in Artificial Intelligence (UAI--92)",
  PUBLISHER="Morgan Kaufmann Publishers",
  ADDRESS = "San Francisco, CA",
  YEAR    =  1992,
  PAGES   = "83--91"
}

@INPROCEEDINGS{Geiger.UAI92,
  AUTHOR  = "Geiger, D.",
  TITLE   = "An Entropy-based Learning Algorithm of {B}ayesian Conditional Trees",
  BOOKTITLE="Proceedings of the Eighth Annual Conference
             on Uncertainty in Artificial Intelligence (UAI--92)",
  PUBLISHER="Morgan Kaufmann Publishers",
  ADDRESS = "San Francisco, CA",
  YEAR    =  1992,
  PAGES   = "92--97"
}

@INPROCEEDINGS{Gilio.UAI92,
  AUTHOR  = "Gilio, A. and
             Spezzaferri, F.",
  TITLE   = "Knowledge integration for Conditional Probability Assessments",
  BOOKTITLE="Proceedings of the Eighth Annual Conference
             on Uncertainty in Artificial Intelligence (UAI--92)",
  PUBLISHER="Morgan Kaufmann Publishers",
  ADDRESS = "San Francisco, CA",
  YEAR    =  1992,
  PAGES   = "98--103"
}

@INPROCEEDINGS{Goldman.UAI92,
  AUTHOR  = "Goldman, R. P. and
             Breese, J. S.",
  TITLE   = "Integrating Model Construction and Evaluation",
  BOOKTITLE="Proceedings of the Eighth Annual Conference
             on Uncertainty in Artificial Intelligence (UAI--92)",
  PUBLISHER="Morgan Kaufmann Publishers",
  ADDRESS = "San Francisco, CA",
  YEAR    =  1992,
  PAGES   = "104--111"
}


@INPROCEEDINGS{Goldszmidt.UAI92,
  AUTHOR  = "Goldszmidt, M. and
             Pearl, J.",
  TITLE   = "Reasoning with Qualitative Probabilities Can Be Tractable",
  BOOKTITLE="Proceedings of the Eighth Annual Conference
             on Uncertainty in Artificial Intelligence (UAI--92)",
  PUBLISHER="Morgan Kaufmann Publishers",
  ADDRESS = "San Francisco, CA",
  YEAR    =  1992,
  PAGES   = "112-120"
}

@INPROCEEDINGS{Kjœrulff.UAI92,
  AUTHOR  = "Kjœrulff, U.",
  TITLE   = "A Computational Scheme for Reasoning in Dynamic Probabilistic Networks",
  BOOKTITLE="Proceedings of the Eighth Annual Conference
             on Uncertainty in Artificial Intelligence (UAI--92)",
  PUBLISHER="Morgan Kaufmann Publishers",
  ADDRESS = "San Francisco, CA",
  YEAR    =  1992,
  PAGES   = "121--129"
}

@INPROCEEDINGS{Klawonn.UAI92,
  AUTHOR  = "Klawonn, F. and
             Smets, P.",
  TITLE   = "The Dynamic of Belief in the Transferable Belief Model and Specialization-Generalization
             Matrices",
  BOOKTITLE="Proceedings of the Eighth Annual Conference
             on Uncertainty in Artificial Intelligence (UAI--92)",
  PUBLISHER="Morgan Kaufmann Publishers",
  ADDRESS = "San Francisco, CA",
  YEAR    =  1992,
  PAGES   = "130--137"
}

@INPROCEEDINGS{Klir.UAI92,
  AUTHOR  = "Klir, G. J. and
             Parviz, B.",
  TITLE   = "A Note on the Measure of Discord",
  BOOKTITLE="Proceedings of the Eighth Annual Conference
             on Uncertainty in Artificial Intelligence (UAI--92)",
  PUBLISHER="Morgan Kaufmann Publishers",
  ADDRESS = "San Francisco, CA",
  YEAR    =  1992,
  PAGES   = "138--141"
}

@INPROCEEDINGS{Kyburg.UAI92,
  AUTHOR  = "Kyburg, Jr, H. E.",
  TITLE   = "Semantics for Probabilistic Inference",
  BOOKTITLE="Proceedings of the Eighth Annual Conference
             on Uncertainty in Artificial Intelligence (UAI--92)",
  PUBLISHER="Morgan Kaufmann Publishers",
  ADDRESS = "San Francisco, CA",
  YEAR    =  1992,
  PAGES   = "142--148"
}


@INPROCEEDINGS{Kyburg2.UAI92,
  AUTHOR  = "Kyburg, Jr, H. E. and
             Pittarelli, M.",
  TITLE   = "Some Problems for Convex {B}ayesians",
  BOOKTITLE="Proceedings of the Eighth Annual Conference
             on Uncertainty in Artificial Intelligence (UAI--92)",
  PUBLISHER="Morgan Kaufmann Publishers",
  ADDRESS = "San Francisco, CA",
  YEAR    =  1992,
  PAGES   = "149--154"
}

@INPROCEEDINGS{Laskey.UAI92,
  AUTHOR  = "Laskey, K. B.",
  TITLE   = "{B}ayesian Meta-Reasoning: Determining Model Adequacy from within a Small World",
  BOOKTITLE="Proceedings of the Eighth Annual Conference
             on Uncertainty in Artificial Intelligence (UAI--92)",
  PUBLISHER="Morgan Kaufmann Publishers",
  ADDRESS = "San Francisco, CA",
  YEAR    =  1992,
  PAGES   = "155--158"
}

@INPROCEEDINGS{Laskey2.UAI92,
  AUTHOR  = "Laskey, K. B.",
  TITLE   = "The Bounded {B}ayesian",
  BOOKTITLE="Proceedings of the Eighth Annual Conference
             on Uncertainty in Artificial Intelligence (UAI--92)",
  PUBLISHER="Morgan Kaufmann Publishers",
  ADDRESS = "San Francisco, CA",
  YEAR    =  1992,
  PAGES   = "159--165"
}

@INPROCEEDINGS{Leong.UAI92,
  AUTHOR  = "Leong, T.-Y.",
  TITLE   = "Representing Context-Sensitive Knowledge in a Network Formalism: A Preliminary Report",
  BOOKTITLE="Proceedings of the Eighth Annual Conference
             on Uncertainty in Artificial Intelligence (UAI--92)",
  PUBLISHER="Morgan Kaufmann Publishers",
  ADDRESS = "San Francisco, CA",
  YEAR    =  1992,
  PAGES   = "166--173"
}

@INPROCEEDINGS{Lin.UAI92,
  AUTHOR  = "Lin, D.",
  TITLE   = "A Probabilistic Network of Predicates",
  BOOKTITLE="Proceedings of the Eighth Annual Conference
             on Uncertainty in Artificial Intelligence (UAI--92)",
  PUBLISHER="Morgan Kaufmann Publishers",
  ADDRESS = "San Francisco, CA",
  YEAR    =  1992,
  PAGES   = "174--181"
}


@INPROCEEDINGS{Liu.UAI92,
  AUTHOR  = "Liu, Weiru and
             Hughes, J. G. and
             McTear, M. F.",
  TITLE   = "Representing Heuristic Knowledge in {D-S} Theory",
  BOOKTITLE="Proceedings of the Eighth Annual Conference
             on Uncertainty in Artificial Intelligence (UAI--92)",
  PUBLISHER="Morgan Kaufmann Publishers",
  ADDRESS = "San Francisco, CA",
  YEAR    =  1992,
  PAGES   = "182--190"
}

@INPROCEEDINGS{Matzkevich.UAI92,
  AUTHOR  = "Matzkevich, I. and
             Abramson, B.",
  TITLE   = "The Topological Fusion of {B}ayes Nets",
  BOOKTITLE="Proceedings of the Eighth Annual Conference
             on Uncertainty in Artificial Intelligence (UAI--92)",
  PUBLISHER="Morgan Kaufmann Publishers",
  ADDRESS = "San Francisco, CA",
  YEAR    =  1992,
  PAGES   = "191--198"
}

@INPROCEEDINGS{Moral.UAI92,
  AUTHOR  = "Moral, S.",
  TITLE   = "Calculating Uncertainty Intervals from Conditional Convex Sets of Probabilities",
  BOOKTITLE="Proceedings of the Eighth Annual Conference
             on Uncertainty in Artificial Intelligence (UAI--92)",
  PUBLISHER="Morgan Kaufmann Publishers",
  ADDRESS = "San Francisco, CA",
  YEAR    =  1992,
  PAGES   = "199--206"
}

@INPROCEEDINGS{Nicholson.UAI92,
  AUTHOR  = "Nicholson, A. E. and
             Brady, J. M.",
  TITLE   = "Sensor Validation Using Dynamic Belief Networks",
  BOOKTITLE="Proceedings of the Eighth Annual Conference
             on Uncertainty in Artificial Intelligence (UAI--92)",
  PUBLISHER="Morgan Kaufmann Publishers",
  ADDRESS = "San Francisco, CA",
  YEAR    =  1992,
  PAGES   = "207--214"
}

@INPROCEEDINGS{Ng.UAI92,
  AUTHOR  = "Ng, R. T. and
             Subrahmanian, V. S",
  TITLE   = "Empirical Probabilities in Monadic Deductive Databases",
  BOOKTITLE="Proceedings of the Eighth Annual Conference
             on Uncertainty in Artificial Intelligence (UAI--92)",
  PUBLISHER="Morgan Kaufmann Publishers",
  ADDRESS = "San Francisco, CA",
  YEAR    =  1992,
  PAGES   = "215--222"
}


@INPROCEEDINGS{Olesen.UAI92,
  AUTHOR  = "Olesen, K. G. and
             Lauritzen, S. L. and
            Jensen, F. V.",
  TITLE   = "a{HUGIN}: A System Creating Adaptive Causal Probabilistic Networks",
  BOOKTITLE="Proceedings of the Eighth Annual Conference
             on Uncertainty in Artificial Intelligence (UAI--92)",
  PUBLISHER="Morgan Kaufmann Publishers",
  ADDRESS = "San Francisco, CA",
  YEAR    =  1992,
  PAGES   = "223--229"
}

@INPROCEEDINGS{Paaß.UAI92,
  AUTHOR  = "Paaß, G.",
  TITLE   = "{MESA}: Maximum Entropy by Simulated Annealing",
  BOOKTITLE="Proceedings of the Eighth Annual Conference
             on Uncertainty in Artificial Intelligence (UAI--92)",
  PUBLISHER="Morgan Kaufmann Publishers",
  ADDRESS = "San Francisco, CA",
  YEAR    =  1992,
  PAGES   = "230--237"
}

@INPROCEEDINGS{Paterson.UAI92,
  AUTHOR  = "Paterson, T. S. and
             Fehling, M. R.",
  TITLE   = "Decision Methods for Adaptive Task-Sharing in Associate Sys",
  BOOKTITLE="Proceedings of the Eighth Annual Conference
             on Uncertainty in Artificial Intelligence (UAI--92)",
  PUBLISHER="Morgan Kaufmann Publishers",
  ADDRESS = "San Francisco, CA",
  YEAR    =  1992,
  PAGES   = "238--243"
}

@INPROCEEDINGS{Portinale.UAI92,
  AUTHOR  = "Portinale, L.",
  TITLE   = "Modeling Uncertain Temporal Evolutions in Model-based Diagnosis",
  BOOKTITLE="Proceedings of the Eighth Annual Conference
             on Uncertainty in Artificial Intelligence (UAI--92)",
  PUBLISHER="Morgan Kaufmann Publishers",
  ADDRESS = "San Francisco, CA",
  YEAR    =  1992,
  PAGES   = "244--251"
}

@INPROCEEDINGS{Qiu.UAI92,
  AUTHOR  = "Qiu, Y. P. and
             Cox, Jr., L. A. and
             Davis, L.",
  TITLE   = "Guess-and-Verify Heuristics for Reducing Uncertainties in Expert Classification Systems",
  BOOKTITLE="Proceedings of the Eighth Annual Conference
             on Uncertainty in Artificial Intelligence (UAI--92)",
  PUBLISHER="Morgan Kaufmann Publishers",
  ADDRESS = "San Francisco, CA",
  YEAR    =  1992,
  PAGES   = "252--258"
}


@INPROCEEDINGS{Regan.UAI92,
  AUTHOR  = "Regan, P. J. and
             Holtzman, S.",
  TITLE   = "{R\&D} Analyst: An Interactive Approach to Normative Decision System Model Construction",
  BOOKTITLE="Proceedings of the Eighth Annual Conference
             on Uncertainty in Artificial Intelligence (UAI--92)",
  PUBLISHER="Morgan Kaufmann Publishers",
  ADDRESS = "San Francisco, CA",
  YEAR    =  1992,
  PAGES   = "259--267"
}

@INPROCEEDINGS{Schiex.UAI92,
  AUTHOR  = "Schiex, T.",
  TITLE   = "Possibilistic Constraint Satisfaction Problems or {``}How to Handle Soft Constraints?{"}",
  BOOKTITLE="Proceedings of the Eighth Annual Conference
             on Uncertainty in Artificial Intelligence (UAI--92)",
  PUBLISHER="Morgan Kaufmann Publishers",
  ADDRESS = "San Francisco, CA",
  YEAR    =  1992,
  PAGES   = "268--275"
}

@INPROCEEDINGS{Shachter.UAI92,
  AUTHOR  = "Shachter, R. D. and
             Peot, M. A.",
  TITLE   = "Decision Making Using Probabilistic Inference Methods",
  BOOKTITLE="Proceedings of the Eighth Annual Conference
             on Uncertainty in Artificial Intelligence (UAI--92)",
  PUBLISHER="Morgan Kaufmann Publishers",
  ADDRESS = "San Francisco, CA",
  YEAR    =  1992,
  PAGES   = "276--283"
}

@INPROCEEDINGS{Shenoy.UAI92,
  AUTHOR  = "Shenoy, P. P.",
  TITLE   = "Conditional lndependence in Uncertainty Theories",
  BOOKTITLE="Proceedings of the Eighth Annual Conference
             on Uncertainty in Artificial Intelligence (UAI--92)",
  PUBLISHER="Morgan Kaufmann Publishers",
  ADDRESS = "San Francisco, CA",
  YEAR    =  1992,
  PAGES   = "284--291"
}

@INPROCEEDINGS{Smets.UAI92,
  AUTHOR  = "Smets, P.",
  TITLE   = "The Nature of the Unnormalized Beliefs Encountered in the Transferable Belief Model",
  BOOKTITLE="Proceedings of the Eighth Annual Conference
             on Uncertainty in Artificial Intelligence (UAI--92)",
  PUBLISHER="Morgan Kaufmann Publishers",
  ADDRESS = "San Francisco, CA",
  YEAR    =  1992,
  PAGES   = "292--297"
}


@INPROCEEDINGS{Snow.UAI92,
  AUTHOR  = "Snow, P.",
  TITLE   = "Intuitions about Ordered Beliefs Leading to Probabilistic Models",
  BOOKTITLE="Proceedings of the Eighth Annual Conference
             on Uncertainty in Artificial Intelligence (UAI--92)",
  PUBLISHER="Morgan Kaufmann Publishers",
  ADDRESS = "San Francisco, CA",
  YEAR    =  1992,
  PAGES   = "298--302"
}

@INPROCEEDINGS{Sucar.UAI92,
  AUTHOR  = "Sucar, L. E. and
             Gillies, D. F.",
  TITLE   = "Expressing Relational and Temporal Knowledge in Visual Probabilistic Networks",
  BOOKTITLE="Proceedings of the Eighth Annual Conference
             on Uncertainty in Artificial Intelligence (UAI--92)",
  PUBLISHER="Morgan Kaufmann Publishers",
  ADDRESS = "San Francisco, CA",
  YEAR    =  1992,
  PAGES   = "303--309"
}

@INPROCEEDINGS{Tao.UAI92,
  AUTHOR  = "Tao, C.-W. and
             Thompson, W. E.",
  TITLE   = "A Fuzzy Logic Approach to Target Tracking",
  BOOKTITLE="Proceedings of the Eighth Annual Conference
             on Uncertainty in Artificial Intelligence (UAI--92)",
  PUBLISHER="Morgan Kaufmann Publishers",
  ADDRESS = "San Francisco, CA",
  YEAR    =  1992,
  PAGES   = "310--314"
}

@INPROCEEDINGS{Thöne.UAI92,
  AUTHOR  = "Thöne, H. and
             Güntzer, U. and
             Kießling, W.",
  TITLE   = "Towards Precision of Probabilistic Bounds Propagation",
  BOOKTITLE="Proceedings of the Eighth Annual Conference
             on Uncertainty in Artificial Intelligence (UAI--92)",
  PUBLISHER="Morgan Kaufmann Publishers",
  ADDRESS = "San Francisco, CA",
  YEAR    =  1992,
  PAGES   = "315--322"
}

@INPROCEEDINGS{Verma.UAI92,
  AUTHOR  = "Verma, T. and
             Pearl, J.",
  TITLE   = "An Algorithm for Deciding if a Set of Observed Independencies Has a Causal Explanation",
  BOOKTITLE="Proceedings of the Eighth Annual Conference
             on Uncertainty in Artificial Intelligence (UAI--92)",
  PUBLISHER="Morgan Kaufmann Publishers",
  ADDRESS = "San Francisco, CA",
  YEAR    =  1992,
  PAGES   = "323--330"
}


@INPROCEEDINGS{Wagner.UAI92,
  AUTHOR  = "Wagner, C. G.",
  TITLE   = "Generalizing {J}effrey Conditionalization",
  BOOKTITLE="Proceedings of the Eighth Annual Conference
             on Uncertainty in Artificial Intelligence (UAI--92)",
  PUBLISHER="Morgan Kaufmann Publishers",
  ADDRESS = "San Francisco, CA",
  YEAR    =  1992,
  PAGES   = "331--335"
}

@INPROCEEDINGS{Wong.UAI92,
  AUTHOR  = "Wong, S. K. M. and
             Wang, L. S. and
             Yao, Y. Y.",
  TITLE   = "Interval Structure: A Framework for Representing Uncertain Information",
  BOOKTITLE="Proceedings of the Eighth Annual Conference
             on Uncertainty in Artificial Intelligence (UAI--92)",
  PUBLISHER="Morgan Kaufmann Publishers",
  ADDRESS = "San Francisco, CA",
  YEAR    =  1992,
  PAGES   = "336--343"
}

@INPROCEEDINGS{Xiang.UAI92,
  AUTHOR  = "Xiang, Y. and
             Poole, D. and
             Beddoes, M. P.",
  TITLE   = "Exploring Localization in {B}ayesian Networks for Large Expert Systems",
  BOOKTITLE="Proceedings of the Eighth Annual Conference
             on Uncertainty in Artificial Intelligence (UAI--92)",
  PUBLISHER="Morgan Kaufmann Publishers",
  ADDRESS = "San Francisco, CA",
  YEAR    =  1992,
  PAGES   = "344--351"
}

@INPROCEEDINGS{Xu.UAI92,
  AUTHOR  = "Xu, H.",
  TITLE   = "A Decision Calculus for Belief Functions in Valuation-based Systems",
  BOOKTITLE="Proceedings of the Eighth Annual Conference
             on Uncertainty in Artificial Intelligence (UAI--92)",
  PUBLISHER="Morgan Kaufmann Publishers",
  ADDRESS = "San Francisco, CA",
  YEAR    =  1992,
  PAGES   = "352--359"
}

@INPROCEEDINGS{Zhang.UAI92,
  AUTHOR  = "Zhang, N. L. and
             Poole, D.",
  TITLE   = "Sidestepping the Triangulation Problem in {B}ayesian Net Computations",
  BOOKTITLE="Proceedings of the Eighth Annual Conference
             on Uncertainty in Artificial Intelligence (UAI--92)",
  PUBLISHER="Morgan Kaufmann Publishers",
  ADDRESS = "San Francisco, CA",
  YEAR    =  1992,
  PAGES   = "360--367"
}
